OrderID,Date,Country,Device,Item_Detail,Unitprice,Quantity,Sales
20180001,1/4/2018,Canada,Mobile,Beverage,200,207,41400
20180002,1/5/2018,Canada,Desktop,Frozen Food,330,349,115170
20180003,1/5/2018,Australia,Mobile,Dried Food,450,316,142200
20180004,1/6/2018,Australia,Desktop,Canned Food,500,307,153500
20180005,1/6/2018,Canada,Tablet,Beverage,200,118,23600
20180006,1/6/2018,Australia,Mobile,Dried Food,450,217,97650
20180007,1/6/2018,Thailand,Desktop,Canned Food,500,384,192000
20180008,1/7/2018,Australia,Desktop,Frozen Food,330,111,36630
20180009,1/7/2018,Australia,Mobile,Beverage,200,367,73400
20180010,1/7/2018,Canada,Mobile,Canned Food,500,178,89000
20180011,1/8/2018,Australia,Desktop,Canned Food,500,186,93000
20180012,1/8/2018,Canada,Mobile,Beverage,200,163,32600
20180013,1/8/2018,Canada,Desktop,Canned Food,500,388,194000
20180014,1/9/2018,Canada,Tablet,Canned Food,500,492,246000
20180015,1/9/2018,Thailand,Tablet,Dried Food,450,413,185850
20180016,1/10/2018,USA,Mobile,Canned Food,500,450,225000
20180017,1/10/2018,Canada,Mobile,Canned Food,500,306,153000
20180018,1/10/2018,Thailand,Desktop,Canned Food,500,265,132500
20180019,1/10/2018,Canada,Tablet,Frozen Food,330,283,93390
20180020,1/11/2018,USA,Desktop,Canned Food,500,238,119000
20180021,1/11/2018,Canada,Tablet,Canned Food,500,212,106000
20180022,1/11/2018,Thailand,Desktop,Dried Food,450,159,71550
20180023,1/11/2018,Thailand,Tablet,Frozen Food,330,493,162690
20180024,1/11/2018,Australia,Tablet,Dried Food,450,278,125100
20180025,1/12/2018,Thailand,Mobile,Dried Food,450,185,83250
20180026,1/12/2018,Canada,Mobile,Beverage,200,351,70200
20180027,1/12/2018,Canada,Mobile,Frozen Food,330,175,57750
20180028,1/12/2018,USA,Mobile,Frozen Food,330,340,112200
20180029,1/12/2018,USA,Tablet,Beverage,200,488,97600
20180030,1/12/2018,Canada,Mobile,Beverage,200,320,64000
20180031,1/13/2018,Canada,Mobile,Canned Food,500,376,188000
20180032,1/14/2018,Australia,Mobile,Beverage,200,353,70600
20180033,1/14/2018,Canada,Tablet,Canned Food,500,358,179000
20180034,1/15/2018,USA,Desktop,Frozen Food,330,369,121770
20180035,1/16/2018,Australia,Tablet,Beverage,200,203,40600
20180036,1/16/2018,Australia,Mobile,Beverage,200,148,29600
20180037,1/17/2018,Australia,Desktop,Dried Food,450,184,82800
20180038,1/17/2018,Thailand,Desktop,Dried Food,450,315,141750
20180039,1/17/2018,Australia,Mobile,Dried Food,450,281,126450
20180040,1/18/2018,Thailand,Tablet,Dried Food,450,292,131400
20180041,1/19/2018,Canada,Mobile,Canned Food,500,448,224000
20180042,1/19/2018,Canada,Tablet,Frozen Food,330,234,77220
20180043,1/19/2018,Australia,Tablet,Canned Food,500,380,190000
20180044,1/20/2018,Thailand,Mobile,Canned Food,500,349,174500
20180045,1/20/2018,Australia,Tablet,Canned Food,500,384,192000
20180046,1/20/2018,Canada,Tablet,Canned Food,500,212,106000
20180047,1/20/2018,Thailand,Mobile,Dried Food,450,500,225000
20180048,1/20/2018,Australia,Mobile,Frozen Food,330,390,128700
20180049,1/21/2018,Australia,Mobile,Beverage,200,358,71600
20180050,1/21/2018,USA,Desktop,Dried Food,450,498,224100
20180051,1/21/2018,USA,Desktop,Dried Food,450,409,184050
20180052,1/22/2018,USA,Mobile,Canned Food,500,135,67500
20180053,1/23/2018,Thailand,Desktop,Beverage,200,176,35200
20180054,1/23/2018,Canada,Mobile,Dried Food,450,131,58950
20180055,1/24/2018,USA,Desktop,Dried Food,450,275,123750
20180056,1/24/2018,Thailand,Desktop,Frozen Food,330,296,97680
20180057,1/24/2018,USA,Mobile,Canned Food,500,223,111500
20180058,1/27/2018,USA,Desktop,Frozen Food,330,494,163020
20180059,1/27/2018,Australia,Mobile,Dried Food,450,475,213750
20180060,1/27/2018,Australia,Mobile,Dried Food,450,144,64800
20180061,1/27/2018,Australia,Desktop,Canned Food,500,450,225000
20180062,1/28/2018,Australia,Tablet,Dried Food,450,223,100350
20180063,1/28/2018,Canada,Mobile,Canned Food,500,307,153500
20180064,1/28/2018,Thailand,Mobile,Frozen Food,330,322,106260
20180065,1/29/2018,USA,Mobile,Dried Food,450,171,76950
20180066,1/29/2018,Canada,Mobile,Frozen Food,330,311,102630
20180067,1/29/2018,Australia,Desktop,Frozen Food,330,449,148170
20180068,1/29/2018,Canada,Mobile,Dried Food,450,423,190350
20180069,1/30/2018,Canada,Desktop,Canned Food,500,169,84500
20180070,1/30/2018,USA,Mobile,Dried Food,450,398,179100
20180071,1/30/2018,Australia,Mobile,Beverage,200,218,43600
20180072,1/30/2018,Thailand,Mobile,Frozen Food,330,175,57750
20180073,1/30/2018,Thailand,Tablet,Canned Food,500,293,146500
20180074,1/31/2018,USA,Desktop,Beverage,200,397,79400
20180075,1/31/2018,Thailand,Mobile,Frozen Food,330,133,43890
20180076,1/31/2018,Canada,Tablet,Dried Food,450,500,225000
20180077,1/31/2018,USA,Tablet,Beverage,200,449,89800
20180078,1/31/2018,Australia,Tablet,Frozen Food,330,495,163350
20180079,2/1/2018,USA,Tablet,Frozen Food,330,362,119460
20180080,2/1/2018,Australia,Desktop,Beverage,200,248,49600
20180081,2/1/2018,Canada,Tablet,Frozen Food,330,472,155760
20180082,2/1/2018,Australia,Mobile,Dried Food,450,336,151200
20180083,2/2/2018,Thailand,Tablet,Dried Food,450,469,211050
20180084,2/2/2018,USA,Desktop,Frozen Food,330,236,77880
20180085,2/2/2018,Australia,Desktop,Canned Food,500,318,159000
20180086,2/2/2018,Thailand,Mobile,Dried Food,450,165,74250
20180087,2/2/2018,Australia,Desktop,Canned Food,500,304,152000
20180088,2/2/2018,Thailand,Tablet,Beverage,200,282,56400
20180089,2/2/2018,USA,Desktop,Beverage,200,278,55600
20180090,2/3/2018,Australia,Mobile,Frozen Food,330,325,107250
20180091,2/3/2018,USA,Desktop,Canned Food,500,331,165500
20180092,2/3/2018,Australia,Desktop,Canned Food,500,263,131500
20180093,2/3/2018,Canada,Tablet,Canned Food,500,423,211500
20180094,2/4/2018,USA,Tablet,Canned Food,500,362,181000
20180095,2/5/2018,Canada,Desktop,Canned Food,500,215,107500
20180096,2/5/2018,USA,Mobile,Dried Food,450,118,53100
20180097,2/6/2018,Thailand,Tablet,Beverage,200,243,48600
20180098,2/6/2018,Australia,Tablet,Canned Food,500,197,98500
20180099,2/6/2018,Canada,Mobile,Dried Food,450,361,162450
20180100,2/7/2018,Thailand,Desktop,Canned Food,500,231,115500
20180101,2/7/2018,USA,Mobile,Frozen Food,330,465,153450
20180102,2/7/2018,Australia,Desktop,Beverage,200,397,79400
20180103,2/7/2018,Canada,Tablet,Frozen Food,330,149,49170
20180104,2/8/2018,Canada,Mobile,Beverage,200,255,51000
20180105,2/8/2018,USA,Mobile,Dried Food,450,103,46350
20180106,2/9/2018,USA,Mobile,Beverage,200,442,88400
20180107,2/9/2018,Canada,Mobile,Dried Food,450,261,117450
20180108,2/9/2018,Australia,Desktop,Frozen Food,330,170,56100
20180109,2/11/2018,Thailand,Desktop,Dried Food,450,194,87300
20180110,2/11/2018,Thailand,Desktop,Dried Food,450,268,120600
20180111,2/11/2018,Thailand,Mobile,Dried Food,450,461,207450
20180112,2/12/2018,USA,Desktop,Frozen Food,330,201,66330
20180113,2/12/2018,Australia,Desktop,Frozen Food,330,160,52800
20180114,2/12/2018,Thailand,Mobile,Beverage,200,217,43400
20180115,2/12/2018,Canada,Mobile,Dried Food,450,212,95400
20180116,2/13/2018,USA,Desktop,Dried Food,450,358,161100
20180117,2/13/2018,Thailand,Mobile,Canned Food,500,281,140500
20180118,2/13/2018,USA,Mobile,Canned Food,500,284,142000
20180119,2/13/2018,USA,Mobile,Dried Food,450,183,82350
20180120,2/14/2018,USA,Mobile,Dried Food,450,359,161550
20180121,2/14/2018,Thailand,Tablet,Dried Food,450,142,63900
20180122,2/14/2018,Canada,Tablet,Dried Food,450,344,154800
20180123,2/14/2018,USA,Mobile,Frozen Food,330,350,115500
20180124,2/15/2018,Australia,Tablet,Beverage,200,333,66600
20180125,2/16/2018,Australia,Tablet,Canned Food,500,158,79000
20180126,2/16/2018,Australia,Mobile,Dried Food,450,169,76050
20180127,2/16/2018,Canada,Desktop,Canned Food,500,314,157000
20180128,2/17/2018,Australia,Mobile,Frozen Food,330,322,106260
20180129,2/17/2018,Thailand,Desktop,Frozen Food,330,292,96360
20180130,2/17/2018,Australia,Mobile,Beverage,200,446,89200
20180131,2/18/2018,Australia,Mobile,Beverage,200,358,71600
20180132,2/18/2018,Canada,Mobile,Dried Food,450,442,198900
20180133,2/18/2018,Thailand,Tablet,Dried Food,450,184,82800
20180134,2/19/2018,Canada,Mobile,Dried Food,450,149,67050
20180135,2/19/2018,USA,Tablet,Beverage,200,456,91200
20180136,2/19/2018,Thailand,Desktop,Dried Food,450,496,223200
20180137,2/20/2018,Australia,Mobile,Beverage,200,317,63400
20180138,2/20/2018,Canada,Mobile,Frozen Food,330,420,138600
20180139,2/20/2018,USA,Tablet,Canned Food,500,465,232500
20180140,2/21/2018,Canada,Desktop,Canned Food,500,422,211000
20180141,2/21/2018,Thailand,Tablet,Beverage,200,428,85600
20180142,2/21/2018,USA,Mobile,Frozen Food,330,150,49500
20180143,2/21/2018,Thailand,Tablet,Canned Food,500,487,243500
20180144,2/22/2018,Australia,Mobile,Frozen Food,330,422,139260
20180145,2/22/2018,Thailand,Desktop,Beverage,200,496,99200
20180146,2/23/2018,USA,Tablet,Frozen Food,330,403,132990
20180147,2/23/2018,Thailand,Mobile,Canned Food,500,102,51000
20180148,2/24/2018,USA,Mobile,Beverage,200,290,58000
20180149,2/24/2018,Australia,Mobile,Beverage,200,231,46200
20180150,2/24/2018,Australia,Mobile,Frozen Food,330,184,60720
20180151,2/24/2018,Australia,Tablet,Dried Food,450,308,138600
20180152,2/24/2018,USA,Mobile,Dried Food,450,275,123750
20180153,2/24/2018,Australia,Tablet,Beverage,200,238,47600
20180154,2/25/2018,Australia,Tablet,Beverage,200,494,98800
20180155,2/25/2018,Canada,Tablet,Canned Food,500,298,149000
20180156,2/26/2018,Thailand,Mobile,Canned Food,500,464,232000
20180157,2/26/2018,Thailand,Mobile,Beverage,200,258,51600
20180158,2/26/2018,Canada,Mobile,Dried Food,450,425,191250
20180159,2/26/2018,USA,Desktop,Dried Food,450,157,70650
20180160,2/27/2018,Canada,Mobile,Beverage,200,384,76800
20180161,2/27/2018,Australia,Desktop,Dried Food,450,148,66600
20180162,2/27/2018,Canada,Tablet,Canned Food,500,213,106500
20180163,2/28/2018,Australia,Mobile,Canned Food,500,184,92000
20180164,2/28/2018,Australia,Desktop,Frozen Food,330,450,148500
20180165,2/28/2018,Thailand,Tablet,Beverage,200,335,67000
20180166,3/1/2018,Canada,Desktop,Frozen Food,330,160,52800
20180167,3/1/2018,Australia,Desktop,Beverage,200,242,48400
20180168,3/2/2018,Thailand,Mobile,Frozen Food,330,283,93390
20180169,3/2/2018,Thailand,Tablet,Dried Food,450,351,157950
20180170,3/2/2018,Thailand,Desktop,Canned Food,500,239,119500
20180171,3/2/2018,Australia,Tablet,Dried Food,450,140,63000
20180172,3/2/2018,Australia,Desktop,Dried Food,450,394,177300
20180173,3/3/2018,Canada,Mobile,Canned Food,500,301,150500
20180174,3/4/2018,Australia,Desktop,Dried Food,450,160,72000
20180175,3/4/2018,Australia,Tablet,Dried Food,450,396,178200
20180176,3/4/2018,Thailand,Tablet,Beverage,200,371,74200
20180177,3/4/2018,USA,Tablet,Frozen Food,330,303,99990
20180178,3/5/2018,Australia,Mobile,Frozen Food,330,156,51480
20180179,3/5/2018,Thailand,Tablet,Dried Food,450,260,117000
20180180,3/6/2018,Australia,Mobile,Frozen Food,330,158,52140
20180181,3/6/2018,USA,Mobile,Canned Food,500,324,162000
20180182,3/6/2018,Australia,Desktop,Frozen Food,330,280,92400
20180183,3/7/2018,Thailand,Mobile,Dried Food,450,333,149850
20180184,3/7/2018,USA,Mobile,Canned Food,500,259,129500
20180185,3/7/2018,Australia,Desktop,Frozen Food,330,372,122760
20180186,3/7/2018,Thailand,Tablet,Canned Food,500,270,135000
20180187,3/7/2018,Australia,Mobile,Frozen Food,330,132,43560
20180188,3/7/2018,USA,Desktop,Canned Food,500,296,148000
20180189,3/8/2018,USA,Tablet,Dried Food,450,220,99000
20180190,3/8/2018,USA,Mobile,Frozen Food,330,348,114840
20180191,3/8/2018,Thailand,Mobile,Dried Food,450,370,166500
20180192,3/9/2018,Australia,Tablet,Frozen Food,330,246,81180
20180193,3/9/2018,Canada,Desktop,Canned Food,500,361,180500
20180194,3/9/2018,USA,Desktop,Canned Food,500,293,146500
20180195,3/9/2018,Thailand,Tablet,Canned Food,500,316,158000
20180196,3/9/2018,USA,Tablet,Dried Food,450,263,118350
20180197,3/9/2018,Thailand,Mobile,Beverage,200,132,26400
20180198,3/9/2018,Canada,Tablet,Frozen Food,330,127,41910
20180199,3/9/2018,Canada,Mobile,Frozen Food,330,321,105930
20180200,3/10/2018,Thailand,Mobile,Canned Food,500,221,110500
20180201,3/10/2018,Australia,Tablet,Canned Food,500,370,185000
20180202,3/10/2018,Canada,Mobile,Beverage,200,175,35000
20180203,3/10/2018,Canada,Tablet,Dried Food,450,254,114300
20180204,3/10/2018,Thailand,Mobile,Dried Food,450,253,113850
20180205,3/10/2018,USA,Mobile,Canned Food,500,148,74000
20180206,3/10/2018,Canada,Tablet,Dried Food,450,294,132300
20180207,3/10/2018,Canada,Tablet,Beverage,200,118,23600
20180208,3/11/2018,Canada,Mobile,Canned Food,500,118,59000
20180209,3/11/2018,Thailand,Mobile,Canned Food,500,350,175000
20180210,3/12/2018,Canada,Mobile,Beverage,200,287,57400
20180211,3/12/2018,USA,Mobile,Dried Food,450,161,72450
20180212,3/12/2018,Australia,Mobile,Frozen Food,330,140,46200
20180213,3/12/2018,USA,Desktop,Dried Food,450,303,136350
20180214,3/12/2018,Thailand,Desktop,Canned Food,500,120,60000
20180215,3/12/2018,Australia,Desktop,Canned Food,500,179,89500
20180216,3/12/2018,Thailand,Tablet,Dried Food,450,102,45900
20180217,3/12/2018,Canada,Tablet,Frozen Food,330,303,99990
20180218,3/12/2018,Thailand,Mobile,Frozen Food,330,244,80520
20180219,3/12/2018,Thailand,Mobile,Dried Food,450,266,119700
20180220,3/13/2018,USA,Mobile,Beverage,200,316,63200
20180221,3/13/2018,USA,Mobile,Canned Food,500,160,80000
20180222,3/13/2018,Thailand,Tablet,Dried Food,450,337,151650
20180223,3/14/2018,Canada,Desktop,Dried Food,450,267,120150
20180224,3/14/2018,USA,Desktop,Frozen Food,330,264,87120
20180225,3/14/2018,USA,Mobile,Dried Food,450,105,47250
20180226,3/15/2018,Australia,Desktop,Beverage,200,163,32600
20180227,3/15/2018,Australia,Desktop,Frozen Food,330,292,96360
20180228,3/15/2018,USA,Desktop,Dried Food,450,315,141750
20180229,3/16/2018,Canada,Mobile,Canned Food,500,181,90500
20180230,3/16/2018,USA,Mobile,Frozen Food,330,350,115500
20180231,3/16/2018,USA,Desktop,Canned Food,500,329,164500
20180232,3/17/2018,Thailand,Mobile,Beverage,200,182,36400
20180233,3/17/2018,Canada,Desktop,Dried Food,450,280,126000
20180234,3/17/2018,USA,Mobile,Beverage,200,174,34800
20180235,3/17/2018,Thailand,Mobile,Canned Food,500,367,183500
20180236,3/17/2018,USA,Mobile,Beverage,200,263,52600
20180237,3/17/2018,Canada,Mobile,Dried Food,450,189,85050
20180238,3/18/2018,USA,Mobile,Dried Food,450,113,50850
20180239,3/18/2018,USA,Mobile,Dried Food,450,205,92250
20180240,3/18/2018,Australia,Desktop,Frozen Food,330,278,91740
20180241,3/18/2018,Australia,Tablet,Dried Food,450,286,128700
20180242,3/19/2018,Australia,Desktop,Frozen Food,330,243,80190
20180243,3/19/2018,Canada,Desktop,Dried Food,450,358,161100
20180244,3/19/2018,Australia,Mobile,Dried Food,450,221,99450
20180245,3/19/2018,USA,Mobile,Dried Food,450,175,78750
20180246,3/19/2018,USA,Desktop,Dried Food,450,306,137700
20180247,3/20/2018,USA,Mobile,Frozen Food,330,247,81510
20180248,3/20/2018,Australia,Tablet,Beverage,200,278,55600
20180249,3/21/2018,Australia,Tablet,Frozen Food,330,254,83820
20180250,3/21/2018,Australia,Desktop,Dried Food,450,373,167850
20180251,3/22/2018,USA,Mobile,Beverage,200,341,68200
20180252,3/22/2018,Australia,Mobile,Frozen Food,330,299,98670
20180253,3/22/2018,Canada,Mobile,Frozen Food,330,249,82170
20180254,3/23/2018,Australia,Tablet,Dried Food,450,198,89100
20180255,3/23/2018,Australia,Tablet,Canned Food,500,256,128000
20180256,3/23/2018,USA,Mobile,Frozen Food,330,243,80190
20180257,3/23/2018,Australia,Tablet,Beverage,200,368,73600
20180258,3/23/2018,USA,Mobile,Frozen Food,330,250,82500
20180259,3/24/2018,Thailand,Mobile,Canned Food,500,196,98000
20180260,3/24/2018,Australia,Mobile,Frozen Food,330,323,106590
20180261,3/25/2018,USA,Mobile,Canned Food,500,245,122500
20180262,3/25/2018,USA,Tablet,Beverage,200,235,47000
20180263,3/25/2018,Thailand,Tablet,Dried Food,450,169,76050
20180264,3/26/2018,Australia,Desktop,Dried Food,450,112,50400
20180265,3/27/2018,Australia,Mobile,Frozen Food,330,280,92400
20180266,3/27/2018,Australia,Mobile,Beverage,200,240,48000
20180267,3/27/2018,USA,Mobile,Frozen Food,330,233,76890
20180268,3/28/2018,Australia,Mobile,Beverage,200,233,46600
20180269,3/28/2018,Australia,Mobile,Canned Food,500,201,100500
20180270,3/28/2018,Australia,Mobile,Frozen Food,330,217,71610
20180271,3/29/2018,USA,Mobile,Frozen Food,330,365,120450
20180272,3/29/2018,Canada,Desktop,Beverage,200,347,69400
20180273,3/30/2018,Australia,Mobile,Canned Food,500,203,101500
20180274,3/30/2018,Thailand,Mobile,Beverage,200,153,30600
20180275,3/30/2018,Canada,Tablet,Dried Food,450,248,111600
20180276,3/31/2018,Thailand,Tablet,Canned Food,500,369,184500
20180277,3/31/2018,Australia,Mobile,Canned Food,500,166,83000
20180278,4/1/2018,USA,Desktop,Canned Food,500,283,141500
20180279,4/1/2018,Thailand,Tablet,Dried Food,450,190,85500
20180280,4/1/2018,Canada,Mobile,Canned Food,500,200,100000
20180281,4/1/2018,USA,Tablet,Dried Food,450,354,159300
20180282,4/2/2018,USA,Mobile,Dried Food,450,168,75600
20180283,4/2/2018,Canada,Desktop,Beverage,200,328,65600
20180284,4/2/2018,Thailand,Mobile,Dried Food,450,222,99900
20180285,4/2/2018,Canada,Mobile,Beverage,200,353,70600
20180286,4/2/2018,Canada,Tablet,Canned Food,500,376,188000
20180287,4/3/2018,Australia,Tablet,Dried Food,450,261,117450
20180288,4/3/2018,Thailand,Tablet,Beverage,200,168,33600
20180289,4/3/2018,Canada,Desktop,Dried Food,450,168,75600
20180290,4/3/2018,Australia,Desktop,Frozen Food,330,295,97350
20180291,4/4/2018,Australia,Mobile,Canned Food,500,353,176500
20180292,4/4/2018,Australia,Tablet,Canned Food,500,109,54500
20180293,4/4/2018,Australia,Mobile,Canned Food,500,374,187000
20180294,4/4/2018,Australia,Tablet,Frozen Food,330,245,80850
20180295,4/4/2018,Thailand,Mobile,Canned Food,500,320,160000
20180296,4/5/2018,USA,Mobile,Frozen Food,330,233,76890
20180297,4/5/2018,Thailand,Mobile,Dried Food,450,134,60300
20180298,4/6/2018,Australia,Desktop,Beverage,200,104,20800
20180299,4/6/2018,Australia,Mobile,Frozen Food,330,166,54780
20180300,4/7/2018,Thailand,Mobile,Beverage,200,307,61400
20180301,4/7/2018,Australia,Mobile,Canned Food,500,316,158000
20180302,4/8/2018,Thailand,Mobile,Beverage,200,204,40800
20180303,4/9/2018,Thailand,Mobile,Frozen Food,330,327,107910
20180304,4/9/2018,Canada,Mobile,Canned Food,500,238,119000
20180305,4/9/2018,Canada,Desktop,Dried Food,450,356,160200
20180306,4/9/2018,USA,Mobile,Beverage,200,153,30600
20180307,4/9/2018,Thailand,Desktop,Dried Food,450,178,80100
20180308,4/9/2018,USA,Mobile,Beverage,200,214,42800
20180309,4/9/2018,Australia,Mobile,Frozen Food,330,193,63690
20180310,4/10/2018,USA,Desktop,Canned Food,500,361,180500
20180311,4/10/2018,Canada,Mobile,Dried Food,450,236,106200
20180312,4/10/2018,Australia,Desktop,Beverage,200,193,38600
20180313,4/10/2018,USA,Tablet,Beverage,200,273,54600
20180314,4/11/2018,Australia,Desktop,Frozen Food,330,216,71280
20180315,4/11/2018,Canada,Mobile,Canned Food,500,160,80000
20180316,4/11/2018,Australia,Desktop,Frozen Food,330,174,57420
20180317,4/11/2018,Australia,Mobile,Frozen Food,330,389,128370
20180318,4/11/2018,Thailand,Mobile,Beverage,200,297,59400
20180319,4/11/2018,Canada,Mobile,Canned Food,500,194,97000
20180320,4/11/2018,Australia,Tablet,Canned Food,500,197,98500
20180321,4/12/2018,Canada,Mobile,Canned Food,500,349,174500
20180322,4/13/2018,Thailand,Desktop,Canned Food,500,153,76500
20180323,4/13/2018,Australia,Tablet,Frozen Food,330,336,110880
20180324,4/14/2018,Canada,Mobile,Dried Food,450,386,173700
20180325,4/14/2018,Thailand,Mobile,Dried Food,450,142,63900
20180326,4/14/2018,USA,Tablet,Dried Food,450,204,91800
20180327,4/14/2018,Thailand,Desktop,Dried Food,450,175,78750
20180328,4/14/2018,Australia,Tablet,Beverage,200,271,54200
20180329,4/14/2018,Australia,Mobile,Canned Food,500,317,158500
20180330,4/14/2018,Thailand,Mobile,Dried Food,450,251,112950
20180331,4/15/2018,Australia,Tablet,Frozen Food,330,115,37950
20180332,4/15/2018,USA,Desktop,Beverage,200,321,64200
20180333,4/15/2018,USA,Mobile,Dried Food,450,284,127800
20180334,4/15/2018,USA,Desktop,Dried Food,450,140,63000
20180335,4/15/2018,Thailand,Tablet,Frozen Food,330,366,120780
20180336,4/15/2018,USA,Mobile,Dried Food,450,315,141750
20180337,4/16/2018,Canada,Mobile,Beverage,200,368,73600
20180338,4/17/2018,Thailand,Tablet,Canned Food,500,342,171000
20180339,4/17/2018,Canada,Tablet,Beverage,200,365,73000
20180340,4/18/2018,Thailand,Mobile,Dried Food,450,217,97650
20180341,4/18/2018,Canada,Mobile,Frozen Food,330,398,131340
20180342,4/18/2018,Canada,Desktop,Frozen Food,330,135,44550
20180343,4/19/2018,Australia,Desktop,Frozen Food,330,390,128700
20180344,4/19/2018,Thailand,Mobile,Dried Food,450,207,93150
20180345,4/19/2018,Thailand,Mobile,Canned Food,500,241,120500
20180346,4/19/2018,Australia,Mobile,Beverage,200,302,60400
20180347,4/19/2018,Australia,Mobile,Dried Food,450,376,169200
20180348,4/20/2018,Canada,Mobile,Canned Food,500,218,109000
20180349,4/20/2018,Australia,Mobile,Dried Food,450,314,141300
20180350,4/20/2018,Australia,Tablet,Beverage,200,219,43800
20180351,4/20/2018,Thailand,Tablet,Frozen Food,330,256,84480
20180352,4/21/2018,Canada,Desktop,Dried Food,450,318,143100
20180353,4/21/2018,USA,Mobile,Beverage,200,390,78000
20180354,4/21/2018,Canada,Mobile,Dried Food,450,348,156600
20180355,4/21/2018,Canada,Mobile,Beverage,200,246,49200
20180356,4/21/2018,Thailand,Mobile,Beverage,200,348,69600
20180357,4/21/2018,Thailand,Desktop,Canned Food,500,284,142000
20180358,4/21/2018,Canada,Desktop,Beverage,200,313,62600
20180359,4/21/2018,Canada,Desktop,Frozen Food,330,185,61050
20180360,4/22/2018,Australia,Desktop,Canned Food,500,274,137000
20180361,4/22/2018,Canada,Desktop,Beverage,200,237,47400
20180362,4/22/2018,USA,Mobile,Frozen Food,330,142,46860
20180363,4/22/2018,USA,Mobile,Canned Food,500,109,54500
20180364,4/22/2018,USA,Tablet,Dried Food,450,340,153000
20180365,4/23/2018,Canada,Mobile,Beverage,200,102,20400
20180366,4/23/2018,USA,Desktop,Frozen Food,330,211,69630
20180367,4/23/2018,Canada,Mobile,Beverage,200,347,69400
20180368,4/24/2018,Canada,Desktop,Frozen Food,330,108,35640
20180369,4/24/2018,Australia,Tablet,Frozen Food,330,279,92070
20180370,4/24/2018,Canada,Mobile,Canned Food,500,127,63500
20180371,4/25/2018,Canada,Desktop,Canned Food,500,117,58500
20180372,4/25/2018,Canada,Mobile,Frozen Food,330,335,110550
20180373,4/25/2018,Thailand,Mobile,Canned Food,500,351,175500
20180374,4/26/2018,Thailand,Mobile,Beverage,200,313,62600
20180375,4/26/2018,Thailand,Mobile,Dried Food,450,339,152550
20180376,4/26/2018,Canada,Mobile,Dried Food,450,217,97650
20180377,4/26/2018,USA,Mobile,Frozen Food,330,394,130020
20180378,4/26/2018,Thailand,Desktop,Beverage,200,147,29400
20180379,4/26/2018,USA,Mobile,Beverage,200,394,78800
20180380,4/26/2018,Canada,Mobile,Frozen Food,330,179,59070
20180381,4/27/2018,Thailand,Tablet,Beverage,200,339,67800
20180382,4/27/2018,Canada,Tablet,Dried Food,450,360,162000
20180383,4/27/2018,USA,Mobile,Dried Food,450,313,140850
20180384,4/27/2018,Canada,Tablet,Frozen Food,330,249,82170
20180385,4/27/2018,Australia,Tablet,Dried Food,450,315,141750
20180386,4/28/2018,Australia,Mobile,Canned Food,500,333,166500
20180387,4/28/2018,Canada,Mobile,Beverage,200,257,51400
20180388,4/28/2018,Thailand,Desktop,Beverage,200,365,73000
20180389,4/28/2018,Canada,Desktop,Canned Food,500,242,121000
20180390,4/28/2018,Canada,Mobile,Dried Food,450,386,173700
20180391,4/29/2018,USA,Tablet,Frozen Food,330,222,73260
20180392,4/29/2018,Canada,Tablet,Canned Food,500,213,106500
20180393,4/29/2018,Canada,Mobile,Frozen Food,330,212,69960
20180394,4/29/2018,USA,Mobile,Canned Food,500,160,80000
20180395,4/30/2018,Canada,Tablet,Frozen Food,330,120,39600
20180396,4/30/2018,USA,Mobile,Beverage,200,369,73800
20180397,4/30/2018,USA,Tablet,Dried Food,450,255,114750
20180398,5/1/2018,Thailand,Mobile,Beverage,200,493,98600
20180399,5/1/2018,Thailand,Desktop,Frozen Food,330,467,154110
20180400,5/1/2018,Canada,Mobile,Dried Food,450,316,142200
20180401,5/2/2018,Australia,Mobile,Frozen Food,330,431,142230
20180402,5/2/2018,Thailand,Mobile,Dried Food,450,200,90000
20180403,5/2/2018,Thailand,Tablet,Frozen Food,330,136,44880
20180404,5/2/2018,USA,Mobile,Dried Food,450,391,175950
20180405,5/2/2018,Australia,Mobile,Beverage,200,353,70600
20180406,5/2/2018,Thailand,Mobile,Frozen Food,330,196,64680
20180407,5/3/2018,USA,Desktop,Dried Food,450,234,105300
20180408,5/4/2018,USA,Tablet,Canned Food,500,409,204500
20180409,5/4/2018,Canada,Mobile,Canned Food,500,281,140500
20180410,5/5/2018,Canada,Desktop,Beverage,200,115,23000
20180411,5/5/2018,Canada,Tablet,Dried Food,450,479,215550
20180412,5/5/2018,Australia,Mobile,Beverage,200,340,68000
20180413,5/6/2018,USA,Mobile,Frozen Food,330,221,72930
20180414,5/6/2018,USA,Tablet,Canned Food,500,165,82500
20180415,5/6/2018,Canada,Tablet,Frozen Food,330,421,138930
20180416,5/6/2018,Australia,Mobile,Dried Food,450,349,157050
20180417,5/6/2018,Canada,Mobile,Dried Food,450,240,108000
20180418,5/7/2018,Australia,Mobile,Canned Food,500,193,96500
20180419,5/8/2018,USA,Tablet,Canned Food,500,145,72500
20180420,5/8/2018,USA,Tablet,Frozen Food,330,294,97020
20180421,5/8/2018,USA,Mobile,Beverage,200,480,96000
20180422,5/8/2018,Canada,Mobile,Dried Food,450,293,131850
20180423,5/8/2018,Australia,Desktop,Canned Food,500,479,239500
20180424,5/8/2018,Australia,Mobile,Frozen Food,330,338,111540
20180425,5/9/2018,USA,Desktop,Dried Food,450,127,57150
20180426,5/9/2018,Thailand,Mobile,Canned Food,500,128,64000
20180427,5/9/2018,Australia,Mobile,Canned Food,500,316,158000
20180428,5/10/2018,Australia,Desktop,Beverage,200,316,63200
20180429,5/10/2018,Thailand,Mobile,Beverage,200,138,27600
20180430,5/11/2018,Australia,Desktop,Canned Food,500,296,148000
20180431,5/11/2018,USA,Mobile,Frozen Food,330,484,159720
20180432,5/11/2018,Australia,Mobile,Beverage,200,361,72200
20180433,5/11/2018,USA,Tablet,Canned Food,500,149,74500
20180434,5/11/2018,Thailand,Tablet,Dried Food,450,145,65250
20180435,5/12/2018,Canada,Mobile,Frozen Food,330,325,107250
20180436,5/12/2018,USA,Mobile,Beverage,200,156,31200
20180437,5/13/2018,Thailand,Tablet,Dried Food,450,357,160650
20180438,5/13/2018,Thailand,Mobile,Canned Food,500,100,50000
20180439,5/13/2018,Australia,Tablet,Dried Food,450,458,206100
20180440,5/14/2018,Australia,Desktop,Beverage,200,335,67000
20180441,5/14/2018,Australia,Tablet,Frozen Food,330,136,44880
20180442,5/14/2018,Australia,Mobile,Canned Food,500,472,236000
20180443,5/15/2018,Canada,Tablet,Beverage,200,150,30000
20180444,5/15/2018,Canada,Mobile,Canned Food,500,427,213500
20180445,5/15/2018,USA,Mobile,Canned Food,500,269,134500
20180446,5/15/2018,Canada,Tablet,Canned Food,500,461,230500
20180447,5/15/2018,Canada,Desktop,Canned Food,500,145,72500
20180448,5/15/2018,USA,Tablet,Beverage,200,221,44200
20180449,5/15/2018,Australia,Desktop,Canned Food,500,486,243000
20180450,5/16/2018,Thailand,Desktop,Beverage,200,342,68400
20180451,5/16/2018,Canada,Mobile,Beverage,200,263,52600
20180452,5/17/2018,Canada,Desktop,Dried Food,450,270,121500
20180453,5/17/2018,USA,Tablet,Canned Food,500,443,221500
20180454,5/17/2018,USA,Desktop,Dried Food,450,301,135450
20180455,5/18/2018,Thailand,Tablet,Dried Food,450,112,50400
20180456,5/18/2018,USA,Desktop,Frozen Food,330,447,147510
20180457,5/18/2018,Thailand,Desktop,Canned Food,500,287,143500
20180458,5/18/2018,Australia,Mobile,Beverage,200,469,93800
20180459,5/19/2018,Thailand,Desktop,Beverage,200,210,42000
20180460,5/19/2018,Thailand,Desktop,Beverage,200,111,22200
20180461,5/20/2018,USA,Mobile,Beverage,200,306,61200
20180462,5/20/2018,Thailand,Tablet,Frozen Food,330,220,72600
20180463,5/20/2018,USA,Mobile,Canned Food,500,200,100000
20180464,5/20/2018,Canada,Desktop,Frozen Food,330,130,42900
20180465,5/20/2018,Thailand,Tablet,Canned Food,500,443,221500
20180466,5/20/2018,USA,Desktop,Frozen Food,330,110,36300
20180467,5/21/2018,USA,Tablet,Dried Food,450,288,129600
20180468,5/21/2018,Australia,Mobile,Beverage,200,121,24200
20180469,5/21/2018,USA,Mobile,Canned Food,500,213,106500
20180470,5/22/2018,USA,Tablet,Canned Food,500,206,103000
20180471,5/22/2018,Australia,Mobile,Beverage,200,306,61200
20180472,5/23/2018,Canada,Mobile,Dried Food,450,462,207900
20180473,5/24/2018,Thailand,Tablet,Dried Food,450,139,62550
20180474,5/24/2018,Australia,Desktop,Canned Food,500,331,165500
20180475,5/24/2018,Canada,Desktop,Canned Food,500,489,244500
20180476,5/24/2018,Australia,Mobile,Canned Food,500,293,146500
20180477,5/25/2018,Thailand,Mobile,Canned Food,500,101,50500
20180478,5/26/2018,Australia,Desktop,Beverage,200,428,85600
20180479,5/26/2018,USA,Tablet,Dried Food,450,192,86400
20180480,5/26/2018,Thailand,Desktop,Beverage,200,103,20600
20180481,5/26/2018,USA,Tablet,Canned Food,500,292,146000
20180482,5/27/2018,Canada,Desktop,Canned Food,500,306,153000
20180483,5/27/2018,Australia,Desktop,Beverage,200,326,65200
20180484,5/27/2018,Australia,Mobile,Dried Food,450,246,110700
20180485,5/28/2018,Australia,Tablet,Dried Food,450,327,147150
20180486,5/28/2018,Thailand,Desktop,Frozen Food,330,459,151470
20180487,5/28/2018,Thailand,Mobile,Beverage,200,260,52000
20180488,5/29/2018,Thailand,Desktop,Beverage,200,358,71600
20180489,5/29/2018,Thailand,Tablet,Beverage,200,472,94400
20180490,5/29/2018,Australia,Desktop,Frozen Food,330,351,115830
20180491,5/29/2018,Thailand,Mobile,Dried Food,450,127,57150
20180492,5/29/2018,Canada,Mobile,Canned Food,500,425,212500
20180493,5/30/2018,USA,Tablet,Frozen Food,330,361,119130
20180494,5/30/2018,Canada,Tablet,Beverage,200,456,91200
20180495,5/30/2018,Thailand,Mobile,Beverage,200,246,49200
20180496,5/30/2018,Thailand,Tablet,Frozen Food,330,147,48510
20180497,5/31/2018,Thailand,Tablet,Frozen Food,330,120,39600
20180498,5/31/2018,Thailand,Desktop,Canned Food,500,401,200500
20180499,5/31/2018,Australia,Desktop,Dried Food,450,279,125550
20180500,5/31/2018,Canada,Mobile,Frozen Food,330,328,108240
20180501,5/31/2018,Australia,Desktop,Frozen Food,330,127,41910
20180502,6/1/2018,USA,Desktop,Frozen Food,330,151,49830
20180503,6/1/2018,Australia,Mobile,Beverage,200,455,91000
20180504,6/1/2018,Australia,Tablet,Canned Food,500,284,142000
20180505,6/2/2018,Australia,Mobile,Frozen Food,330,422,139260
20180506,6/2/2018,Australia,Mobile,Canned Food,500,422,211000
20180507,6/2/2018,USA,Mobile,Canned Food,500,248,124000
20180508,6/3/2018,Thailand,Desktop,Beverage,200,278,55600
20180509,6/3/2018,USA,Tablet,Canned Food,500,298,149000
20180510,6/4/2018,Australia,Mobile,Canned Food,500,431,215500
20180511,6/4/2018,Australia,Mobile,Frozen Food,330,108,35640
20180512,6/4/2018,Thailand,Tablet,Dried Food,450,344,154800
20180513,6/5/2018,Canada,Desktop,Canned Food,500,271,135500
20180514,6/5/2018,USA,Tablet,Dried Food,450,177,79650
20180515,6/5/2018,Australia,Desktop,Dried Food,450,193,86850
20180516,6/5/2018,Canada,Tablet,Beverage,200,143,28600
20180517,6/6/2018,Canada,Tablet,Dried Food,450,324,145800
20180518,6/6/2018,Canada,Tablet,Beverage,200,176,35200
20180519,6/7/2018,USA,Mobile,Beverage,200,370,74000
20180520,6/7/2018,Thailand,Desktop,Dried Food,450,205,92250
20180521,6/7/2018,Canada,Tablet,Dried Food,450,479,215550
20180522,6/7/2018,USA,Mobile,Dried Food,450,215,96750
20180523,6/8/2018,Thailand,Mobile,Beverage,200,283,56600
20180524,6/8/2018,Canada,Tablet,Canned Food,500,310,155000
20180525,6/8/2018,Canada,Tablet,Canned Food,500,327,163500
20180526,6/8/2018,Canada,Desktop,Beverage,200,375,75000
20180527,6/9/2018,Thailand,Desktop,Dried Food,450,464,208800
20180528,6/9/2018,Canada,Desktop,Dried Food,450,343,154350
20180529,6/9/2018,Thailand,Mobile,Dried Food,450,191,85950
20180530,6/9/2018,Thailand,Tablet,Dried Food,450,358,161100
20180531,6/9/2018,USA,Mobile,Beverage,200,250,50000
20180532,6/10/2018,Canada,Mobile,Frozen Food,330,408,134640
20180533,6/10/2018,Australia,Tablet,Dried Food,450,409,184050
20180534,6/10/2018,USA,Desktop,Frozen Food,330,242,79860
20180535,6/11/2018,Australia,Mobile,Frozen Food,330,327,107910
20180536,6/11/2018,USA,Mobile,Frozen Food,330,439,144870
20180537,6/11/2018,Thailand,Tablet,Frozen Food,330,349,115170
20180538,6/11/2018,USA,Tablet,Dried Food,450,367,165150
20180539,6/12/2018,USA,Mobile,Canned Food,500,253,126500
20180540,6/13/2018,Australia,Tablet,Frozen Food,330,226,74580
20180541,6/14/2018,Thailand,Tablet,Dried Food,450,333,149850
20180542,6/14/2018,Australia,Desktop,Frozen Food,330,196,64680
20180543,6/14/2018,Canada,Desktop,Beverage,200,148,29600
20180544,6/15/2018,USA,Mobile,Dried Food,450,177,79650
20180545,6/15/2018,Canada,Desktop,Beverage,200,462,92400
20180546,6/15/2018,Australia,Mobile,Frozen Food,330,231,76230
20180547,6/15/2018,USA,Mobile,Beverage,200,411,82200
20180548,6/16/2018,Australia,Mobile,Frozen Food,330,292,96360
20180549,6/16/2018,Australia,Tablet,Canned Food,500,437,218500
20180550,6/17/2018,Thailand,Mobile,Dried Food,450,138,62100
20180551,6/18/2018,Canada,Mobile,Frozen Food,330,325,107250
20180552,6/18/2018,Thailand,Mobile,Beverage,200,140,28000
20180553,6/18/2018,Australia,Mobile,Frozen Food,330,101,33330
20180554,6/18/2018,USA,Desktop,Beverage,200,410,82000
20180555,6/18/2018,Canada,Mobile,Dried Food,450,388,174600
20180556,6/18/2018,Canada,Desktop,Canned Food,500,320,160000
20180557,6/19/2018,Canada,Mobile,Canned Food,500,177,88500
20180558,6/19/2018,USA,Tablet,Beverage,200,136,27200
20180559,6/19/2018,Canada,Tablet,Frozen Food,330,323,106590
20180560,6/20/2018,Thailand,Mobile,Beverage,200,207,41400
20180561,6/20/2018,USA,Tablet,Beverage,200,384,76800
20180562,6/21/2018,Canada,Tablet,Frozen Food,330,477,157410
20180563,6/21/2018,Canada,Mobile,Beverage,200,137,27400
20180564,6/21/2018,Canada,Desktop,Canned Food,500,358,179000
20180565,6/22/2018,Thailand,Desktop,Dried Food,450,455,204750
20180566,6/22/2018,Thailand,Tablet,Dried Food,450,371,166950
20180567,6/22/2018,USA,Desktop,Beverage,200,308,61600
20180568,6/22/2018,Australia,Tablet,Canned Food,500,479,239500
20180569,6/22/2018,Australia,Desktop,Dried Food,450,496,223200
20180570,6/23/2018,USA,Desktop,Dried Food,450,388,174600
20180571,6/23/2018,Thailand,Mobile,Dried Food,450,257,115650
20180572,6/23/2018,Australia,Tablet,Canned Food,500,467,233500
20180573,6/23/2018,Canada,Tablet,Canned Food,500,364,182000
20180574,6/24/2018,USA,Mobile,Canned Food,500,232,116000
20180575,6/24/2018,Canada,Mobile,Frozen Food,330,410,135300
20180576,6/24/2018,Thailand,Mobile,Dried Food,450,197,88650
20180577,6/24/2018,Canada,Desktop,Frozen Food,330,373,123090
20180578,6/24/2018,Australia,Desktop,Frozen Food,330,471,155430
20180579,6/25/2018,USA,Mobile,Frozen Food,330,474,156420
20180580,6/25/2018,Thailand,Mobile,Frozen Food,330,326,107580
20180581,6/25/2018,Thailand,Mobile,Beverage,200,372,74400
20180582,6/25/2018,Thailand,Tablet,Frozen Food,330,241,79530
20180583,6/26/2018,USA,Desktop,Beverage,200,260,52000
20180584,6/26/2018,Thailand,Mobile,Frozen Food,330,499,164670
20180585,6/26/2018,Thailand,Desktop,Beverage,200,328,65600
20180586,6/26/2018,USA,Mobile,Frozen Food,330,327,107910
20180587,6/26/2018,Thailand,Mobile,Dried Food,450,379,170550
20180588,6/27/2018,USA,Mobile,Dried Food,450,372,167400
20180589,6/27/2018,USA,Mobile,Beverage,200,123,24600
20180590,6/27/2018,Thailand,Tablet,Canned Food,500,427,213500
20180591,6/27/2018,Canada,Desktop,Frozen Food,330,316,104280
20180592,6/28/2018,Australia,Tablet,Dried Food,450,182,81900
20180593,6/28/2018,Thailand,Desktop,Beverage,200,474,94800
20180594,6/28/2018,USA,Mobile,Dried Food,450,385,173250
20180595,6/28/2018,Australia,Tablet,Dried Food,450,331,148950
20180596,6/28/2018,Australia,Tablet,Frozen Food,330,424,139920
20180597,6/29/2018,Thailand,Tablet,Beverage,200,221,44200
20180598,6/29/2018,USA,Mobile,Canned Food,500,119,59500
20180599,6/30/2018,USA,Mobile,Beverage,200,134,26800
20180600,6/30/2018,Australia,Desktop,Dried Food,450,232,104400
20180601,7/1/2018,Australia,Mobile,Frozen Food,330,143,47190
20180602,7/1/2018,Canada,Tablet,Frozen Food,330,374,123420
20180603,7/1/2018,Thailand,Tablet,Beverage,200,228,45600
20180604,7/2/2018,Canada,Tablet,Dried Food,450,291,130950
20180605,7/2/2018,USA,Mobile,Dried Food,450,418,188100
20180606,7/2/2018,USA,Mobile,Dried Food,450,493,221850
20180607,7/2/2018,Canada,Desktop,Dried Food,450,230,103500
20180608,7/2/2018,Thailand,Desktop,Dried Food,450,357,160650
20180609,7/2/2018,Thailand,Mobile,Canned Food,500,292,146000
20180610,7/2/2018,USA,Mobile,Dried Food,450,220,99000
20180611,7/3/2018,Canada,Mobile,Dried Food,450,285,128250
20180612,7/3/2018,Thailand,Tablet,Beverage,200,379,75800
20180613,7/3/2018,Canada,Desktop,Dried Food,450,387,174150
20180614,7/3/2018,USA,Mobile,Dried Food,450,482,216900
20180615,7/3/2018,Australia,Mobile,Beverage,200,387,77400
20180616,7/4/2018,USA,Mobile,Canned Food,500,333,166500
20180617,7/4/2018,Australia,Mobile,Canned Food,500,264,132000
20180618,7/4/2018,Thailand,Desktop,Dried Food,450,162,72900
20180619,7/4/2018,Thailand,Desktop,Frozen Food,330,276,91080
20180620,7/4/2018,Thailand,Mobile,Canned Food,500,439,219500
20180621,7/5/2018,USA,Tablet,Dried Food,450,315,141750
20180622,7/5/2018,USA,Desktop,Dried Food,450,247,111150
20180623,7/6/2018,Australia,Mobile,Beverage,200,400,80000
20180624,7/6/2018,Australia,Tablet,Frozen Food,330,271,89430
20180625,7/6/2018,Australia,Desktop,Frozen Food,330,396,130680
20180626,7/6/2018,USA,Mobile,Frozen Food,330,173,57090
20180627,7/7/2018,Canada,Desktop,Beverage,200,322,64400
20180628,7/7/2018,Canada,Mobile,Canned Food,500,131,65500
20180629,7/7/2018,Canada,Mobile,Beverage,200,378,75600
20180630,7/7/2018,USA,Tablet,Dried Food,450,316,142200
20180631,7/8/2018,Canada,Tablet,Beverage,200,372,74400
20180632,7/8/2018,Canada,Mobile,Frozen Food,330,364,120120
20180633,7/8/2018,Thailand,Mobile,Frozen Food,330,313,103290
20180634,7/9/2018,Thailand,Mobile,Canned Food,500,474,237000
20180635,7/10/2018,Australia,Tablet,Dried Food,450,295,132750
20180636,7/10/2018,USA,Mobile,Canned Food,500,297,148500
20180637,7/10/2018,Australia,Tablet,Beverage,200,475,95000
20180638,7/11/2018,Thailand,Mobile,Canned Food,500,456,228000
20180639,7/11/2018,Canada,Tablet,Frozen Food,330,264,87120
20180640,7/11/2018,Thailand,Tablet,Canned Food,500,140,70000
20180641,7/11/2018,Australia,Mobile,Beverage,200,488,97600
20180642,7/11/2018,Thailand,Desktop,Canned Food,500,178,89000
20180643,7/12/2018,Australia,Tablet,Frozen Food,330,263,86790
20180644,7/12/2018,Thailand,Desktop,Beverage,200,243,48600
20180645,7/12/2018,Thailand,Mobile,Beverage,200,118,23600
20180646,7/13/2018,Thailand,Tablet,Beverage,200,204,40800
20180647,7/13/2018,USA,Mobile,Canned Food,500,367,183500
20180648,7/13/2018,Thailand,Tablet,Frozen Food,330,285,94050
20180649,7/13/2018,Australia,Mobile,Beverage,200,444,88800
20180650,7/13/2018,USA,Desktop,Canned Food,500,282,141000
20180651,7/14/2018,USA,Tablet,Dried Food,450,145,65250
20180652,7/14/2018,Thailand,Desktop,Canned Food,500,391,195500
20180653,7/14/2018,USA,Tablet,Dried Food,450,138,62100
20180654,7/14/2018,Australia,Mobile,Dried Food,450,145,65250
20180655,7/14/2018,Thailand,Desktop,Canned Food,500,174,87000
20180656,7/15/2018,Australia,Tablet,Beverage,200,493,98600
20180657,7/15/2018,Canada,Mobile,Frozen Food,330,310,102300
20180658,7/15/2018,Canada,Tablet,Frozen Food,330,122,40260
20180659,7/15/2018,Australia,Desktop,Canned Food,500,302,151000
20180660,7/16/2018,Australia,Desktop,Frozen Food,330,276,91080
20180661,7/16/2018,Thailand,Desktop,Frozen Food,330,297,98010
20180662,7/16/2018,Canada,Desktop,Beverage,200,239,47800
20180663,7/16/2018,Thailand,Mobile,Frozen Food,330,256,84480
20180664,7/17/2018,Thailand,Desktop,Canned Food,500,236,118000
20180665,7/17/2018,USA,Mobile,Dried Food,450,320,144000
20180666,7/17/2018,USA,Tablet,Beverage,200,111,22200
20180667,7/17/2018,Australia,Mobile,Beverage,200,217,43400
20180668,7/17/2018,Canada,Desktop,Canned Food,500,201,100500
20180669,7/18/2018,Australia,Mobile,Frozen Food,330,345,113850
20180670,7/19/2018,Australia,Desktop,Beverage,200,250,50000
20180671,7/19/2018,USA,Desktop,Beverage,200,124,24800
20180672,7/20/2018,Australia,Desktop,Canned Food,500,474,237000
20180673,7/21/2018,USA,Desktop,Dried Food,450,472,212400
20180674,7/22/2018,Canada,Tablet,Dried Food,450,227,102150
20180675,7/22/2018,Australia,Tablet,Canned Food,500,162,81000
20180676,7/22/2018,USA,Mobile,Frozen Food,330,407,134310
20180677,7/23/2018,USA,Mobile,Beverage,200,223,44600
20180678,7/23/2018,Thailand,Mobile,Beverage,200,453,90600
20180679,7/24/2018,Thailand,Mobile,Frozen Food,330,253,83490
20180680,7/24/2018,Canada,Desktop,Canned Food,500,464,232000
20180681,7/24/2018,USA,Mobile,Beverage,200,463,92600
20180682,7/24/2018,USA,Tablet,Canned Food,500,481,240500
20180683,7/24/2018,Thailand,Desktop,Beverage,200,372,74400
20180684,7/24/2018,Thailand,Desktop,Canned Food,500,153,76500
20180685,7/24/2018,USA,Tablet,Beverage,200,423,84600
20180686,7/24/2018,USA,Tablet,Beverage,200,423,84600
20180687,7/25/2018,USA,Mobile,Canned Food,500,356,178000
20180688,7/25/2018,Thailand,Desktop,Canned Food,500,188,94000
20180689,7/25/2018,Australia,Mobile,Frozen Food,330,432,142560
20180690,7/26/2018,Canada,Tablet,Canned Food,500,331,165500
20180691,7/26/2018,Australia,Mobile,Canned Food,500,244,122000
20180692,7/26/2018,Canada,Mobile,Dried Food,450,183,82350
20180693,7/27/2018,USA,Mobile,Frozen Food,330,237,78210
20180694,7/27/2018,USA,Tablet,Canned Food,500,474,237000
20180695,7/27/2018,Canada,Tablet,Beverage,200,158,31600
20180696,7/27/2018,Thailand,Desktop,Dried Food,450,256,115200
20180697,7/28/2018,Australia,Mobile,Frozen Food,330,433,142890
20180698,7/28/2018,Australia,Tablet,Frozen Food,330,348,114840
20180699,7/29/2018,Thailand,Mobile,Frozen Food,330,194,64020
20180700,7/29/2018,USA,Desktop,Canned Food,500,299,149500
20180701,7/29/2018,USA,Mobile,Canned Food,500,262,131000
20180702,7/29/2018,Australia,Desktop,Beverage,200,364,72800
20180703,7/29/2018,Australia,Mobile,Frozen Food,330,266,87780
20180704,7/30/2018,Canada,Tablet,Beverage,200,386,77200
20180705,7/30/2018,USA,Mobile,Canned Food,500,240,120000
20180706,7/30/2018,USA,Tablet,Dried Food,450,211,94950
20180707,7/31/2018,Canada,Mobile,Frozen Food,330,145,47850
20180708,8/1/2018,Australia,Mobile,Frozen Food,330,277,91410
20180709,8/1/2018,Canada,Mobile,Dried Food,450,368,165600
20180710,8/1/2018,USA,Tablet,Beverage,200,416,83200
20180711,8/1/2018,Thailand,Tablet,Frozen Food,330,476,157080
20180712,8/1/2018,Australia,Mobile,Canned Food,500,384,192000
20180713,8/2/2018,Canada,Desktop,Canned Food,500,217,108500
20180714,8/2/2018,Canada,Desktop,Dried Food,450,194,87300
20180715,8/2/2018,Canada,Mobile,Canned Food,500,291,145500
20180716,8/2/2018,Canada,Mobile,Frozen Food,330,360,118800
20180717,8/3/2018,Australia,Tablet,Frozen Food,330,390,128700
20180718,8/3/2018,USA,Tablet,Frozen Food,330,306,100980
20180719,8/3/2018,USA,Desktop,Beverage,200,344,68800
20180720,8/3/2018,Thailand,Tablet,Canned Food,500,291,145500
20180721,8/4/2018,Australia,Desktop,Dried Food,450,344,154800
20180722,8/4/2018,Canada,Mobile,Canned Food,500,401,200500
20180723,8/4/2018,USA,Mobile,Frozen Food,330,382,126060
20180724,8/5/2018,Canada,Tablet,Beverage,200,282,56400
20180725,8/5/2018,Australia,Desktop,Beverage,200,351,70200
20180726,8/6/2018,Thailand,Tablet,Frozen Food,330,275,90750
20180727,8/6/2018,Australia,Mobile,Frozen Food,330,216,71280
20180728,8/6/2018,Canada,Desktop,Canned Food,500,103,51500
20180729,8/6/2018,USA,Tablet,Dried Food,450,250,112500
20180730,8/7/2018,Australia,Mobile,Frozen Food,330,211,69630
20180731,8/7/2018,USA,Desktop,Dried Food,450,183,82350
20180732,8/7/2018,Thailand,Mobile,Canned Food,500,352,176000
20180733,8/7/2018,Australia,Tablet,Canned Food,500,342,171000
20180734,8/7/2018,USA,Mobile,Frozen Food,330,348,114840
20180735,8/7/2018,USA,Desktop,Beverage,200,250,50000
20180736,8/7/2018,Canada,Desktop,Beverage,200,139,27800
20180737,8/7/2018,USA,Mobile,Beverage,200,463,92600
20180738,8/10/2018,USA,Mobile,Dried Food,450,381,171450
20180739,8/10/2018,Australia,Desktop,Dried Food,450,125,56250
20180740,8/10/2018,Thailand,Mobile,Dried Food,450,475,213750
20180741,8/12/2018,Australia,Desktop,Canned Food,500,105,52500
20180742,8/12/2018,Canada,Desktop,Frozen Food,330,283,93390
20180743,8/12/2018,Thailand,Mobile,Dried Food,450,374,168300
20180744,8/12/2018,Thailand,Desktop,Beverage,200,206,41200
20180745,8/13/2018,USA,Desktop,Frozen Food,330,212,69960
20180746,8/13/2018,Australia,Tablet,Beverage,200,474,94800
20180747,8/13/2018,Australia,Tablet,Canned Food,500,145,72500
20180748,8/14/2018,USA,Desktop,Beverage,200,423,84600
20180749,8/14/2018,Canada,Mobile,Canned Food,500,156,78000
20180750,8/14/2018,Canada,Mobile,Beverage,200,237,47400
20180751,8/14/2018,Canada,Mobile,Beverage,200,183,36600
20180752,8/15/2018,Australia,Mobile,Frozen Food,330,316,104280
20180753,8/15/2018,Canada,Mobile,Canned Food,500,157,78500
20180754,8/15/2018,Australia,Tablet,Canned Food,500,302,151000
20180755,8/15/2018,USA,Mobile,Dried Food,450,380,171000
20180756,8/15/2018,Thailand,Mobile,Beverage,200,372,74400
20180757,8/16/2018,Canada,Mobile,Beverage,200,294,58800
20180758,8/16/2018,Australia,Tablet,Frozen Food,330,214,70620
20180759,8/16/2018,Australia,Desktop,Frozen Food,330,107,35310
20180760,8/16/2018,USA,Mobile,Frozen Food,330,495,163350
20180761,8/16/2018,USA,Desktop,Canned Food,500,459,229500
20180762,8/17/2018,USA,Desktop,Frozen Food,330,203,66990
20180763,8/18/2018,Australia,Desktop,Frozen Food,330,140,46200
20180764,8/19/2018,Thailand,Tablet,Canned Food,500,364,182000
20180765,8/19/2018,Thailand,Tablet,Beverage,200,345,69000
20180766,8/19/2018,Thailand,Mobile,Frozen Food,330,251,82830
20180767,8/19/2018,Thailand,Mobile,Dried Food,450,458,206100
20180768,8/19/2018,Canada,Mobile,Dried Food,450,233,104850
20180769,8/19/2018,USA,Desktop,Dried Food,450,321,144450
20180770,8/20/2018,Australia,Tablet,Canned Food,500,176,88000
20180771,8/20/2018,Canada,Mobile,Frozen Food,330,169,55770
20180772,8/21/2018,Thailand,Mobile,Beverage,200,128,25600
20180773,8/21/2018,Australia,Mobile,Canned Food,500,259,129500
20180774,8/21/2018,Thailand,Mobile,Dried Food,450,316,142200
20180775,8/21/2018,Canada,Mobile,Dried Food,450,243,109350
20180776,8/21/2018,USA,Mobile,Canned Food,500,346,173000
20180777,8/22/2018,Canada,Mobile,Canned Food,500,171,85500
20180778,8/22/2018,Canada,Tablet,Beverage,200,279,55800
20180779,8/22/2018,Thailand,Tablet,Beverage,200,411,82200
20180780,8/22/2018,Canada,Tablet,Canned Food,500,263,131500
20180781,8/22/2018,Thailand,Tablet,Beverage,200,498,99600
20180782,8/22/2018,Canada,Tablet,Canned Food,500,226,113000
20180783,8/23/2018,Australia,Mobile,Frozen Food,330,130,42900
20180784,8/23/2018,Canada,Mobile,Dried Food,450,172,77400
20180785,8/23/2018,Thailand,Mobile,Canned Food,500,421,210500
20180786,8/24/2018,USA,Tablet,Canned Food,500,235,117500
20180787,8/24/2018,Australia,Tablet,Frozen Food,330,208,68640
20180788,8/24/2018,Australia,Desktop,Canned Food,500,402,201000
20180789,8/25/2018,Thailand,Tablet,Frozen Food,330,230,75900
20180790,8/25/2018,Thailand,Tablet,Frozen Food,330,473,156090
20180791,8/25/2018,USA,Mobile,Frozen Food,330,394,130020
20180792,8/26/2018,USA,Desktop,Canned Food,500,223,111500
20180793,8/26/2018,USA,Mobile,Beverage,200,412,82400
20180794,8/26/2018,Canada,Mobile,Frozen Food,330,137,45210
20180795,8/27/2018,USA,Desktop,Beverage,200,385,77000
20180796,8/27/2018,Thailand,Desktop,Frozen Food,330,273,90090
20180797,8/27/2018,USA,Mobile,Beverage,200,197,39400
20180798,8/27/2018,Thailand,Desktop,Frozen Food,330,282,93060
20180799,8/28/2018,Canada,Mobile,Dried Food,450,228,102600
20180800,8/28/2018,Australia,Tablet,Beverage,200,125,25000
20180801,8/29/2018,USA,Desktop,Canned Food,500,431,215500
20180802,8/29/2018,Australia,Mobile,Beverage,200,179,35800
20180803,8/29/2018,Canada,Mobile,Canned Food,500,135,67500
20180804,8/29/2018,USA,Mobile,Beverage,200,391,78200
20180805,8/29/2018,Thailand,Mobile,Beverage,200,333,66600
20180806,8/30/2018,USA,Desktop,Canned Food,500,223,111500
20180807,8/30/2018,Thailand,Tablet,Frozen Food,330,426,140580
20180808,8/30/2018,Canada,Mobile,Canned Food,500,137,68500
20180809,8/30/2018,Thailand,Desktop,Beverage,200,191,38200
20180810,8/31/2018,Canada,Desktop,Frozen Food,330,400,132000
20180811,9/1/2018,Canada,Tablet,Beverage,200,134,26800
20180812,9/1/2018,Thailand,Desktop,Canned Food,500,130,65000
20180813,9/2/2018,Canada,Tablet,Frozen Food,330,312,102960
20180814,9/3/2018,Thailand,Desktop,Dried Food,450,335,150750
20180815,9/3/2018,Canada,Desktop,Frozen Food,330,373,123090
20180816,9/3/2018,Thailand,Mobile,Dried Food,450,492,221400
20180817,9/3/2018,Canada,Tablet,Frozen Food,330,179,59070
20180818,9/4/2018,USA,Mobile,Canned Food,500,311,155500
20180819,9/4/2018,Thailand,Mobile,Canned Food,500,474,237000
20180820,9/4/2018,Australia,Desktop,Dried Food,450,128,57600
20180821,9/4/2018,USA,Mobile,Beverage,200,218,43600
20180822,9/4/2018,Australia,Desktop,Frozen Food,330,471,155430
20180823,9/4/2018,Australia,Mobile,Canned Food,500,444,222000
20180824,9/4/2018,Australia,Tablet,Beverage,200,160,32000
20180825,9/5/2018,Thailand,Tablet,Dried Food,450,422,189900
20180826,9/5/2018,Thailand,Desktop,Canned Food,500,264,132000
20180827,9/6/2018,Canada,Mobile,Canned Food,500,216,108000
20180828,9/6/2018,Thailand,Mobile,Frozen Food,330,433,142890
20180829,9/7/2018,Canada,Mobile,Canned Food,500,129,64500
20180830,9/7/2018,Thailand,Mobile,Frozen Food,330,338,111540
20180831,9/7/2018,USA,Mobile,Canned Food,500,496,248000
20180832,9/8/2018,Thailand,Tablet,Beverage,200,410,82000
20180833,9/8/2018,Australia,Mobile,Frozen Food,330,398,131340
20180834,9/9/2018,Canada,Tablet,Canned Food,500,454,227000
20180835,9/9/2018,Australia,Mobile,Frozen Food,330,394,130020
20180836,9/9/2018,USA,Mobile,Dried Food,450,222,99900
20180837,9/9/2018,Thailand,Desktop,Canned Food,500,269,134500
20180838,9/10/2018,Thailand,Mobile,Dried Food,450,490,220500
20180839,9/10/2018,Canada,Desktop,Beverage,200,140,28000
20180840,9/10/2018,Canada,Desktop,Dried Food,450,302,135900
20180841,9/10/2018,USA,Desktop,Dried Food,450,219,98550
20180842,9/10/2018,USA,Desktop,Dried Food,450,274,123300
20180843,9/11/2018,Australia,Desktop,Frozen Food,330,115,37950
20180844,9/11/2018,USA,Mobile,Dried Food,450,224,100800
20180845,9/12/2018,USA,Mobile,Dried Food,450,256,115200
20180846,9/12/2018,Thailand,Desktop,Canned Food,500,320,160000
20180847,9/12/2018,USA,Mobile,Frozen Food,330,413,136290
20180848,9/12/2018,Canada,Mobile,Canned Food,500,347,173500
20180849,9/13/2018,USA,Desktop,Dried Food,450,412,185400
20180850,9/13/2018,Thailand,Desktop,Beverage,200,108,21600
20180851,9/13/2018,USA,Tablet,Dried Food,450,391,175950
20180852,9/13/2018,USA,Mobile,Frozen Food,330,251,82830
20180853,9/13/2018,Thailand,Desktop,Dried Food,450,361,162450
20180854,9/14/2018,Australia,Mobile,Frozen Food,330,338,111540
20180855,9/14/2018,Canada,Tablet,Frozen Food,330,246,81180
20180856,9/14/2018,Thailand,Mobile,Canned Food,500,283,141500
20180857,9/15/2018,USA,Mobile,Frozen Food,330,203,66990
20180858,9/15/2018,Thailand,Mobile,Frozen Food,330,411,135630
20180859,9/15/2018,Thailand,Desktop,Frozen Food,330,295,97350
20180860,9/15/2018,USA,Mobile,Frozen Food,330,238,78540
20180861,9/15/2018,USA,Tablet,Canned Food,500,253,126500
20180862,9/15/2018,USA,Mobile,Frozen Food,330,186,61380
20180863,9/15/2018,USA,Mobile,Canned Food,500,312,156000
20180864,9/15/2018,Thailand,Tablet,Canned Food,500,417,208500
20180865,9/16/2018,Australia,Desktop,Dried Food,450,226,101700
20180866,9/16/2018,Canada,Mobile,Canned Food,500,226,113000
20180867,9/16/2018,Canada,Mobile,Frozen Food,330,127,41910
20180868,9/17/2018,Canada,Desktop,Beverage,200,256,51200
20180869,9/17/2018,Canada,Tablet,Dried Food,450,431,193950
20180870,9/17/2018,Thailand,Desktop,Canned Food,500,417,208500
20180871,9/17/2018,Thailand,Mobile,Dried Food,450,384,172800
20180872,9/18/2018,Canada,Mobile,Beverage,200,197,39400
20180873,9/18/2018,Thailand,Tablet,Canned Food,500,236,118000
20180874,9/18/2018,Australia,Mobile,Dried Food,450,378,170100
20180875,9/18/2018,Australia,Desktop,Frozen Food,330,160,52800
20180876,9/19/2018,Thailand,Desktop,Frozen Food,330,153,50490
20180877,9/19/2018,USA,Mobile,Frozen Food,330,229,75570
20180878,9/20/2018,Canada,Desktop,Canned Food,500,195,97500
20180879,9/20/2018,Thailand,Mobile,Dried Food,450,390,175500
20180880,9/21/2018,USA,Desktop,Beverage,200,178,35600
20180881,9/21/2018,USA,Mobile,Dried Food,450,193,86850
20180882,9/21/2018,Australia,Desktop,Beverage,200,350,70000
20180883,9/22/2018,USA,Desktop,Beverage,200,220,44000
20180884,9/22/2018,Australia,Desktop,Canned Food,500,177,88500
20180885,9/22/2018,Canada,Tablet,Canned Food,500,302,151000
20180886,9/22/2018,Thailand,Desktop,Beverage,200,400,80000
20180887,9/23/2018,Australia,Mobile,Beverage,200,423,84600
20180888,9/24/2018,Thailand,Mobile,Beverage,200,496,99200
20180889,9/24/2018,USA,Mobile,Beverage,200,109,21800
20180890,9/24/2018,USA,Desktop,Beverage,200,437,87400
20180891,9/24/2018,Australia,Mobile,Dried Food,450,227,102150
20180892,9/24/2018,Thailand,Mobile,Frozen Food,330,290,95700
20180893,9/25/2018,Australia,Desktop,Frozen Food,330,319,105270
20180894,9/25/2018,Canada,Mobile,Beverage,200,223,44600
20180895,9/25/2018,Canada,Mobile,Beverage,200,324,64800
20180896,9/25/2018,Canada,Desktop,Beverage,200,265,53000
20180897,9/26/2018,Canada,Tablet,Beverage,200,307,61400
20180898,9/26/2018,USA,Mobile,Beverage,200,232,46400
20180899,9/26/2018,Australia,Mobile,Canned Food,500,491,245500
20180900,9/27/2018,Australia,Desktop,Dried Food,450,490,220500
20180901,9/27/2018,USA,Desktop,Dried Food,450,197,88650
20180902,9/28/2018,Thailand,Mobile,Frozen Food,330,190,62700
20180903,9/28/2018,Canada,Desktop,Beverage,200,468,93600
20180904,9/28/2018,Thailand,Mobile,Dried Food,450,224,100800
20180905,9/29/2018,USA,Tablet,Dried Food,450,461,207450
20180906,9/29/2018,Canada,Mobile,Beverage,200,129,25800
20180907,9/29/2018,Thailand,Desktop,Canned Food,500,194,97000
20180908,9/29/2018,Canada,Mobile,Beverage,200,421,84200
20180909,9/30/2018,Australia,Tablet,Canned Food,500,416,208000
20180910,9/30/2018,Canada,Mobile,Dried Food,450,391,175950
20180911,9/30/2018,Canada,Mobile,Frozen Food,330,256,84480
20180912,10/1/2018,Thailand,Mobile,Frozen Food,330,339,111870
20180913,10/1/2018,Thailand,Mobile,Canned Food,500,359,179500
20180914,10/1/2018,Australia,Mobile,Canned Food,500,337,168500
20180915,10/2/2018,Australia,Mobile,Dried Food,450,269,121050
20180916,10/2/2018,Canada,Mobile,Frozen Food,330,388,128040
20180917,10/2/2018,Canada,Tablet,Frozen Food,330,160,52800
20180918,10/3/2018,Australia,Desktop,Canned Food,500,232,116000
20180919,10/3/2018,Thailand,Desktop,Canned Food,500,287,143500
20180920,10/4/2018,Australia,Tablet,Canned Food,500,277,138500
20180921,10/4/2018,Thailand,Desktop,Canned Food,500,157,78500
20180922,10/4/2018,USA,Mobile,Canned Food,500,108,54000
20180923,10/5/2018,Canada,Desktop,Canned Food,500,354,177000
20180924,10/5/2018,Australia,Mobile,Canned Food,500,221,110500
20180925,10/5/2018,USA,Mobile,Frozen Food,330,447,147510
20180926,10/5/2018,USA,Tablet,Canned Food,500,173,86500
20180927,10/6/2018,Australia,Mobile,Beverage,200,164,32800
20180928,10/7/2018,Canada,Mobile,Beverage,200,455,91000
20180929,10/7/2018,Canada,Mobile,Beverage,200,214,42800
20180930,10/8/2018,USA,Desktop,Frozen Food,330,155,51150
20180931,10/8/2018,Australia,Mobile,Frozen Food,330,459,151470
20180932,10/8/2018,Canada,Mobile,Beverage,200,223,44600
20180933,10/8/2018,Australia,Desktop,Dried Food,450,226,101700
20180934,10/8/2018,Australia,Desktop,Frozen Food,330,136,44880
20180935,10/9/2018,Canada,Mobile,Frozen Food,330,258,85140
20180936,10/9/2018,USA,Tablet,Frozen Food,330,455,150150
20180937,10/9/2018,Canada,Desktop,Frozen Food,330,307,101310
20180938,10/9/2018,Australia,Mobile,Frozen Food,330,234,77220
20180939,10/10/2018,USA,Mobile,Dried Food,450,264,118800
20180940,10/10/2018,Thailand,Mobile,Canned Food,500,120,60000
20180941,10/10/2018,Australia,Desktop,Dried Food,450,306,137700
20180942,10/10/2018,Thailand,Mobile,Canned Food,500,465,232500
20180943,10/10/2018,Canada,Desktop,Dried Food,450,287,129150
20180944,10/11/2018,Australia,Tablet,Canned Food,500,226,113000
20180945,10/12/2018,USA,Mobile,Beverage,200,158,31600
20180946,10/12/2018,USA,Tablet,Frozen Food,330,475,156750
20180947,10/12/2018,USA,Mobile,Beverage,200,402,80400
20180948,10/12/2018,Thailand,Tablet,Canned Food,500,455,227500
20180949,10/12/2018,Canada,Mobile,Beverage,200,432,86400
20180950,10/13/2018,USA,Tablet,Dried Food,450,273,122850
20180951,10/13/2018,Thailand,Mobile,Beverage,200,228,45600
20180952,10/13/2018,Canada,Mobile,Frozen Food,330,107,35310
20180953,10/13/2018,USA,Tablet,Canned Food,500,194,97000
20180954,10/13/2018,USA,Tablet,Canned Food,500,292,146000
20180955,10/14/2018,Australia,Tablet,Canned Food,500,125,62500
20180956,10/14/2018,Australia,Mobile,Frozen Food,330,200,66000
20180957,10/14/2018,USA,Mobile,Canned Food,500,428,214000
20180958,10/15/2018,Australia,Desktop,Canned Food,500,116,58000
20180959,10/15/2018,Australia,Desktop,Beverage,200,191,38200
20180960,10/15/2018,Thailand,Tablet,Frozen Food,330,295,97350
20180961,10/16/2018,Canada,Mobile,Frozen Food,330,249,82170
20180962,10/16/2018,Canada,Desktop,Canned Food,500,489,244500
20180963,10/16/2018,Canada,Tablet,Dried Food,450,211,94950
20180964,10/16/2018,Thailand,Mobile,Frozen Food,330,168,55440
20180965,10/17/2018,Australia,Desktop,Canned Food,500,340,170000
20180966,10/17/2018,USA,Desktop,Beverage,200,471,94200
20180967,10/18/2018,USA,Mobile,Dried Food,450,105,47250
20180968,10/18/2018,Australia,Mobile,Dried Food,450,240,108000
20180969,10/18/2018,USA,Mobile,Beverage,200,499,99800
20180970,10/18/2018,USA,Mobile,Canned Food,500,481,240500
20180971,10/18/2018,USA,Desktop,Canned Food,500,199,99500
20180972,10/18/2018,Australia,Tablet,Beverage,200,267,53400
20180973,10/18/2018,USA,Mobile,Dried Food,450,125,56250
20180974,10/20/2018,Thailand,Mobile,Frozen Food,330,384,126720
20180975,10/20/2018,Canada,Tablet,Frozen Food,330,424,139920
20180976,10/20/2018,Thailand,Mobile,Canned Food,500,358,179000
20180977,10/20/2018,USA,Mobile,Beverage,200,322,64400
20180978,10/21/2018,Canada,Mobile,Dried Food,450,144,64800
20180979,10/21/2018,Thailand,Tablet,Dried Food,450,174,78300
20180980,10/21/2018,Thailand,Desktop,Beverage,200,101,20200
20180981,10/22/2018,USA,Desktop,Canned Food,500,393,196500
20180982,10/22/2018,USA,Desktop,Canned Food,500,493,246500
20180983,10/22/2018,USA,Desktop,Dried Food,450,125,56250
20180984,10/22/2018,Australia,Desktop,Dried Food,450,334,150300
20180985,10/23/2018,Australia,Mobile,Frozen Food,330,294,97020
20180986,10/23/2018,Canada,Tablet,Dried Food,450,205,92250
20180987,10/23/2018,Thailand,Tablet,Dried Food,450,284,127800
20180988,10/24/2018,Thailand,Desktop,Frozen Food,330,123,40590
20180989,10/24/2018,USA,Desktop,Beverage,200,428,85600
20180990,10/24/2018,Canada,Mobile,Canned Food,500,406,203000
20180991,10/24/2018,Thailand,Mobile,Canned Food,500,152,76000
20180992,10/24/2018,Australia,Mobile,Canned Food,500,106,53000
20180993,10/25/2018,USA,Mobile,Dried Food,450,219,98550
20180994,10/26/2018,Thailand,Tablet,Beverage,200,300,60000
20180995,10/26/2018,Canada,Desktop,Frozen Food,330,124,40920
20180996,10/26/2018,Canada,Mobile,Canned Food,500,290,145000
20180997,10/26/2018,Australia,Tablet,Frozen Food,330,325,107250
20180998,10/26/2018,Thailand,Mobile,Beverage,200,418,83600
20180999,10/26/2018,Thailand,Desktop,Beverage,200,386,77200
20181000,10/26/2018,USA,Desktop,Beverage,200,491,98200
20181001,10/26/2018,Thailand,Mobile,Beverage,200,341,68200
20181002,10/27/2018,Thailand,Mobile,Canned Food,500,260,130000
20181003,10/27/2018,Thailand,Tablet,Beverage,200,275,55000
20181004,10/27/2018,Thailand,Mobile,Canned Food,500,310,155000
20181005,10/28/2018,Thailand,Mobile,Beverage,200,272,54400
20181006,10/28/2018,USA,Tablet,Frozen Food,330,325,107250
20181007,10/28/2018,Australia,Tablet,Canned Food,500,257,128500
20181008,10/28/2018,Canada,Desktop,Beverage,200,264,52800
20181009,10/29/2018,Canada,Desktop,Canned Food,500,496,248000
20181010,10/29/2018,USA,Desktop,Canned Food,500,364,182000
20181011,10/29/2018,Thailand,Tablet,Dried Food,450,309,139050
20181012,10/29/2018,Thailand,Desktop,Dried Food,450,137,61650
20181013,10/30/2018,Australia,Tablet,Frozen Food,330,190,62700
20181014,10/31/2018,Thailand,Desktop,Beverage,200,419,83800
20181015,10/31/2018,Canada,Mobile,Beverage,200,289,57800
20181016,11/1/2018,Canada,Tablet,Frozen Food,330,315,103950
20181017,11/1/2018,Canada,Desktop,Frozen Food,330,337,111210
20181018,11/2/2018,Australia,Mobile,Beverage,200,455,91000
20181019,11/2/2018,Australia,Mobile,Dried Food,450,200,90000
20181020,11/2/2018,Canada,Mobile,Dried Food,450,359,161550
20181021,11/3/2018,Thailand,Mobile,Dried Food,450,396,178200
20181022,11/3/2018,Canada,Mobile,Canned Food,500,304,152000
20181023,11/3/2018,Canada,Mobile,Frozen Food,330,412,135960
20181024,11/4/2018,Canada,Mobile,Canned Food,500,491,245500
20181025,11/4/2018,Thailand,Desktop,Beverage,200,164,32800
20181026,11/4/2018,Canada,Mobile,Dried Food,450,482,216900
20181027,11/5/2018,Australia,Mobile,Dried Food,450,163,73350
20181028,11/5/2018,Canada,Tablet,Canned Food,500,436,218000
20181029,11/5/2018,Thailand,Desktop,Canned Food,500,162,81000
20181030,11/5/2018,Thailand,Tablet,Beverage,200,349,69800
20181031,11/5/2018,Australia,Mobile,Dried Food,450,185,83250
20181032,11/6/2018,Thailand,Mobile,Canned Food,500,304,152000
20181033,11/6/2018,Thailand,Mobile,Canned Food,500,442,221000
20181034,11/7/2018,Canada,Desktop,Frozen Food,330,326,107580
20181035,11/8/2018,USA,Mobile,Dried Food,450,185,83250
20181036,11/8/2018,Thailand,Mobile,Frozen Food,330,300,99000
20181037,11/8/2018,Thailand,Desktop,Dried Food,450,141,63450
20181038,11/8/2018,Canada,Desktop,Beverage,200,146,29200
20181039,11/9/2018,Australia,Tablet,Canned Food,500,391,195500
20181040,11/10/2018,Thailand,Mobile,Dried Food,450,392,176400
20181041,11/10/2018,Thailand,Desktop,Dried Food,450,276,124200
20181042,11/10/2018,Thailand,Tablet,Frozen Food,330,396,130680
20181043,11/10/2018,Australia,Desktop,Beverage,200,460,92000
20181044,11/10/2018,Australia,Desktop,Frozen Food,330,147,48510
20181045,11/11/2018,Thailand,Desktop,Dried Food,450,260,117000
20181046,11/11/2018,Australia,Desktop,Canned Food,500,303,151500
20181047,11/12/2018,Australia,Mobile,Frozen Food,330,403,132990
20181048,11/12/2018,Canada,Mobile,Dried Food,450,442,198900
20181049,11/12/2018,Canada,Tablet,Beverage,200,240,48000
20181050,11/13/2018,Australia,Tablet,Canned Food,500,303,151500
20181051,11/13/2018,Canada,Desktop,Beverage,200,167,33400
20181052,11/13/2018,Thailand,Desktop,Frozen Food,330,423,139590
20181053,11/14/2018,USA,Desktop,Beverage,200,345,69000
20181054,11/14/2018,Canada,Mobile,Dried Food,450,380,171000
20181055,11/14/2018,USA,Mobile,Beverage,200,195,39000
20181056,11/14/2018,USA,Mobile,Dried Food,450,200,90000
20181057,11/14/2018,USA,Tablet,Canned Food,500,461,230500
20181058,11/14/2018,Thailand,Desktop,Canned Food,500,469,234500
20181059,11/15/2018,USA,Mobile,Beverage,200,306,61200
20181060,11/15/2018,Thailand,Desktop,Frozen Food,330,486,160380
20181061,11/15/2018,Australia,Desktop,Frozen Food,330,196,64680
20181062,11/15/2018,USA,Tablet,Frozen Food,330,150,49500
20181063,11/15/2018,Thailand,Mobile,Dried Food,450,207,93150
20181064,11/16/2018,Thailand,Tablet,Canned Food,500,298,149000
20181065,11/17/2018,Canada,Tablet,Dried Food,450,179,80550
20181066,11/17/2018,Canada,Mobile,Dried Food,450,190,85500
20181067,11/18/2018,Thailand,Mobile,Canned Food,500,497,248500
20181068,11/18/2018,Canada,Mobile,Dried Food,450,311,139950
20181069,11/18/2018,Thailand,Tablet,Canned Food,500,315,157500
20181070,11/18/2018,Australia,Mobile,Dried Food,450,258,116100
20181071,11/18/2018,Thailand,Mobile,Frozen Food,330,419,138270
20181072,11/18/2018,Australia,Tablet,Beverage,200,356,71200
20181073,11/19/2018,Australia,Mobile,Canned Food,500,388,194000
20181074,11/20/2018,Canada,Mobile,Canned Food,500,277,138500
20181075,11/20/2018,Canada,Desktop,Frozen Food,330,352,116160
20181076,11/20/2018,Australia,Mobile,Canned Food,500,286,143000
20181077,11/21/2018,Canada,Tablet,Dried Food,450,246,110700
20181078,11/21/2018,Thailand,Mobile,Frozen Food,330,181,59730
20181079,11/21/2018,Canada,Tablet,Frozen Food,330,187,61710
20181080,11/22/2018,USA,Tablet,Frozen Food,330,324,106920
20181081,11/22/2018,Australia,Mobile,Canned Food,500,126,63000
20181082,11/22/2018,Canada,Tablet,Beverage,200,274,54800
20181083,11/23/2018,Canada,Mobile,Frozen Food,330,339,111870
20181084,11/24/2018,Canada,Desktop,Canned Food,500,361,180500
20181085,11/24/2018,USA,Tablet,Beverage,200,309,61800
20181086,11/24/2018,USA,Desktop,Canned Food,500,187,93500
20181087,11/24/2018,Canada,Tablet,Dried Food,450,432,194400
20181088,11/24/2018,USA,Mobile,Beverage,200,109,21800
20181089,11/25/2018,Canada,Desktop,Canned Food,500,177,88500
20181090,11/25/2018,Australia,Tablet,Canned Food,500,105,52500
20181091,11/25/2018,USA,Tablet,Frozen Food,330,362,119460
20181092,11/25/2018,Australia,Tablet,Frozen Food,330,329,108570
20181093,11/26/2018,Thailand,Desktop,Dried Food,450,126,56700
20181094,11/26/2018,USA,Desktop,Canned Food,500,453,226500
20181095,11/27/2018,Australia,Desktop,Beverage,200,106,21200
20181096,11/27/2018,Australia,Mobile,Beverage,200,498,99600
20181097,11/27/2018,Australia,Mobile,Canned Food,500,289,144500
20181098,11/27/2018,Australia,Mobile,Dried Food,450,441,198450
20181099,11/28/2018,Australia,Desktop,Beverage,200,379,75800
20181100,11/28/2018,Canada,Tablet,Beverage,200,371,74200
20181101,11/28/2018,USA,Mobile,Canned Food,500,112,56000
20181102,11/29/2018,USA,Mobile,Dried Food,450,173,77850
20181103,11/29/2018,Thailand,Desktop,Dried Food,450,285,128250
20181104,11/30/2018,USA,Mobile,Beverage,200,499,99800
20181105,11/30/2018,USA,Desktop,Canned Food,500,396,198000
20181106,11/30/2018,Canada,Mobile,Frozen Food,330,363,119790
20181107,11/30/2018,Canada,Desktop,Frozen Food,330,208,68640
20181108,12/1/2018,Australia,Desktop,Dried Food,450,313,140850
20181109,12/1/2018,USA,Mobile,Dried Food,450,460,207000
20181110,12/1/2018,Thailand,Mobile,Beverage,200,182,36400
20181111,12/1/2018,Australia,Tablet,Beverage,200,187,37400
20181112,12/2/2018,USA,Tablet,Dried Food,450,253,113850
20181113,12/2/2018,Australia,Mobile,Frozen Food,330,404,133320
20181114,12/3/2018,Thailand,Tablet,Frozen Food,330,275,90750
20181115,12/4/2018,Canada,Tablet,Dried Food,450,161,72450
20181116,12/5/2018,USA,Mobile,Canned Food,500,418,209000
20181117,12/5/2018,Canada,Tablet,Frozen Food,330,210,69300
20181118,12/5/2018,USA,Desktop,Canned Food,500,326,163000
20181119,12/5/2018,Thailand,Mobile,Beverage,200,307,61400
20181120,12/5/2018,Canada,Mobile,Beverage,200,482,96400
20181121,12/5/2018,Canada,Tablet,Canned Food,500,292,146000
20181122,12/6/2018,USA,Mobile,Frozen Food,330,238,78540
20181123,12/6/2018,USA,Mobile,Canned Food,500,109,54500
20181124,12/6/2018,USA,Mobile,Canned Food,500,254,127000
20181125,12/6/2018,Thailand,Mobile,Canned Food,500,138,69000
20181126,12/7/2018,Canada,Desktop,Beverage,200,199,39800
20181127,12/7/2018,USA,Tablet,Canned Food,500,354,177000
20181128,12/7/2018,Canada,Desktop,Frozen Food,330,270,89100
20181129,12/7/2018,Canada,Desktop,Canned Food,500,456,228000
20181130,12/7/2018,Canada,Mobile,Canned Food,500,428,214000
20181131,12/8/2018,Canada,Desktop,Frozen Food,330,463,152790
20181132,12/8/2018,Canada,Tablet,Dried Food,450,215,96750
20181133,12/8/2018,Canada,Desktop,Dried Food,450,314,141300
20181134,12/9/2018,Australia,Mobile,Frozen Food,330,195,64350
20181135,12/9/2018,USA,Tablet,Dried Food,450,329,148050
20181136,12/9/2018,Australia,Desktop,Dried Food,450,217,97650
20181137,12/10/2018,Australia,Mobile,Beverage,200,114,22800
20181138,12/10/2018,USA,Tablet,Canned Food,500,307,153500
20181139,12/10/2018,Australia,Mobile,Dried Food,450,243,109350
20181140,12/11/2018,Canada,Tablet,Dried Food,450,350,157500
20181141,12/11/2018,Thailand,Mobile,Canned Food,500,261,130500
20181142,12/11/2018,Australia,Mobile,Beverage,200,492,98400
20181143,12/11/2018,Canada,Tablet,Frozen Food,330,473,156090
20181144,12/11/2018,Canada,Desktop,Frozen Food,330,334,110220
20181145,12/12/2018,Thailand,Desktop,Canned Food,500,363,181500
20181146,12/12/2018,Australia,Mobile,Beverage,200,329,65800
20181147,12/12/2018,USA,Desktop,Beverage,200,115,23000
20181148,12/12/2018,Thailand,Mobile,Frozen Food,330,127,41910
20181149,12/12/2018,Australia,Mobile,Canned Food,500,418,209000
20181150,12/12/2018,Australia,Mobile,Beverage,200,272,54400
20181151,12/13/2018,Thailand,Mobile,Dried Food,450,324,145800
20181152,12/13/2018,Thailand,Tablet,Dried Food,450,272,122400
20181153,12/14/2018,Canada,Mobile,Frozen Food,330,456,150480
20181154,12/14/2018,Australia,Mobile,Canned Food,500,107,53500
20181155,12/15/2018,Australia,Tablet,Beverage,200,435,87000
20181156,12/15/2018,Thailand,Tablet,Frozen Food,330,389,128370
20181157,12/15/2018,Canada,Mobile,Dried Food,450,458,206100
20181158,12/16/2018,Canada,Tablet,Dried Food,450,402,180900
20181159,12/16/2018,Canada,Tablet,Dried Food,450,365,164250
20181160,12/16/2018,Thailand,Tablet,Frozen Food,330,163,53790
20181161,12/16/2018,Canada,Desktop,Beverage,200,369,73800
20181162,12/17/2018,Australia,Tablet,Dried Food,450,225,101250
20181163,12/17/2018,Thailand,Desktop,Beverage,200,493,98600
20181164,12/17/2018,Canada,Tablet,Canned Food,500,203,101500
20181165,12/18/2018,USA,Desktop,Canned Food,500,332,166000
20181166,12/18/2018,Canada,Mobile,Beverage,200,450,90000
20181167,12/18/2018,Canada,Desktop,Canned Food,500,114,57000
20181168,12/19/2018,Thailand,Mobile,Beverage,200,296,59200
20181169,12/19/2018,Canada,Mobile,Frozen Food,330,198,65340
20181170,12/20/2018,Canada,Tablet,Beverage,200,201,40200
20181171,12/20/2018,Thailand,Mobile,Dried Food,450,294,132300
20181172,12/20/2018,Thailand,Desktop,Canned Food,500,309,154500
20181173,12/20/2018,Thailand,Mobile,Frozen Food,330,219,72270
20181174,12/20/2018,Thailand,Mobile,Frozen Food,330,225,74250
20181175,12/21/2018,USA,Desktop,Dried Food,450,405,182250
20181176,12/22/2018,Canada,Desktop,Beverage,200,474,94800
20181177,12/22/2018,Canada,Mobile,Dried Food,450,195,87750
20181178,12/22/2018,Thailand,Mobile,Canned Food,500,225,112500
20181179,12/24/2018,Thailand,Mobile,Frozen Food,330,145,47850
20181180,12/24/2018,Canada,Tablet,Beverage,200,140,28000
20181181,12/24/2018,Thailand,Desktop,Canned Food,500,434,217000
20181182,12/24/2018,Thailand,Mobile,Canned Food,500,158,79000
20181183,12/24/2018,Australia,Mobile,Frozen Food,330,328,108240
20181184,12/25/2018,Australia,Mobile,Dried Food,450,273,122850
20181185,12/25/2018,Thailand,Mobile,Beverage,200,316,63200
20181186,12/25/2018,USA,Tablet,Dried Food,450,171,76950
20181187,12/25/2018,USA,Mobile,Dried Food,450,312,140400
20181188,12/25/2018,Canada,Mobile,Frozen Food,330,244,80520
20181189,12/25/2018,Thailand,Mobile,Dried Food,450,229,103050
20181190,12/25/2018,Thailand,Desktop,Beverage,200,361,72200
20181191,12/26/2018,Thailand,Mobile,Frozen Food,330,424,139920
20181192,12/26/2018,USA,Mobile,Dried Food,450,121,54450
20181193,12/26/2018,Australia,Mobile,Canned Food,500,241,120500
20181194,12/27/2018,Australia,Tablet,Beverage,200,495,99000
20181195,12/27/2018,USA,Mobile,Dried Food,450,375,168750
20181196,12/27/2018,Canada,Desktop,Canned Food,500,271,135500
20181197,12/27/2018,Thailand,Mobile,Dried Food,450,313,140850
20181198,12/28/2018,Australia,Mobile,Dried Food,450,163,73350
20181199,12/29/2018,Thailand,Mobile,Canned Food,500,309,154500
20181200,12/29/2018,Canada,Tablet,Dried Food,450,346,155700
20181201,12/29/2018,Australia,Tablet,Dried Food,450,142,63900
20181202,12/29/2018,Australia,Desktop,Canned Food,500,450,225000
20181203,12/30/2018,Thailand,Desktop,Canned Food,500,498,249000
20181204,12/30/2018,Thailand,Mobile,Beverage,200,206,41200
20181205,12/30/2018,Australia,Mobile,Frozen Food,330,154,50820
20181206,12/30/2018,Thailand,Tablet,Dried Food,450,252,113400
20181207,12/30/2018,USA,Tablet,Dried Food,450,321,144450
20181208,12/30/2018,Thailand,Tablet,Frozen Food,330,415,136950
20181209,12/31/2018,USA,Mobile,Frozen Food,330,427,140910
20181210,12/31/2018,USA,Mobile,Frozen Food,330,171,56430
20190001,1/1/2019,Thailand,Desktop,Canned Food,500,128,64000
20190002,1/1/2019,Thailand,Desktop,Dried Food,450,115,51750
20190003,1/2/2019,Thailand,Tablet,Beverage,200,382,76400
20190004,1/2/2019,Canada,Mobile,Canned Food,500,177,88500
20190005,1/3/2019,USA,Tablet,Canned Food,500,430,215000
20190006,1/3/2019,Australia,Mobile,Dried Food,450,125,56250
20190007,1/3/2019,USA,Tablet,Frozen Food,330,283,93390
20190008,1/3/2019,Thailand,Desktop,Canned Food,500,145,72500
20190009,1/4/2019,Australia,Desktop,Beverage,200,492,98400
20190010,1/4/2019,Canada,Tablet,Canned Food,500,124,62000
20190011,1/4/2019,Thailand,Mobile,Beverage,200,147,29400
20190012,1/4/2019,Thailand,Mobile,Dried Food,450,157,70650
20190013,1/4/2019,USA,Mobile,Canned Food,500,177,88500
20190014,1/4/2019,USA,Desktop,Beverage,200,347,69400
20190015,1/4/2019,USA,Mobile,Canned Food,500,298,149000
20190016,1/5/2019,Canada,Tablet,Dried Food,450,148,66600
20190017,1/5/2019,Thailand,Desktop,Beverage,200,275,55000
20190018,1/5/2019,Thailand,Desktop,Dried Food,450,177,79650
20190019,1/6/2019,Canada,Desktop,Canned Food,500,340,170000
20190020,1/6/2019,Thailand,Desktop,Frozen Food,330,130,42900
20190021,1/7/2019,Canada,Desktop,Dried Food,450,211,94950
20190022,1/7/2019,USA,Desktop,Frozen Food,330,195,64350
20190023,1/8/2019,USA,Desktop,Canned Food,500,110,55000
20190024,1/8/2019,USA,Desktop,Canned Food,500,105,52500
20190025,1/8/2019,Thailand,Desktop,Dried Food,450,366,164700
20190026,1/9/2019,Thailand,Mobile,Canned Food,500,283,141500
20190027,1/10/2019,Thailand,Mobile,Dried Food,450,140,63000
20190028,1/12/2019,Thailand,Mobile,Canned Food,500,211,105500
20190029,1/12/2019,Australia,Desktop,Canned Food,500,350,175000
20190030,1/12/2019,Australia,Mobile,Frozen Food,330,455,150150
20190031,1/13/2019,Thailand,Desktop,Frozen Food,330,380,125400
20190032,1/13/2019,Thailand,Desktop,Dried Food,450,222,99900
20190033,1/14/2019,Thailand,Mobile,Beverage,200,195,39000
20190034,1/14/2019,USA,Tablet,Beverage,200,200,40000
20190035,1/14/2019,Thailand,Tablet,Frozen Food,330,390,128700
20190036,1/15/2019,Australia,Mobile,Beverage,200,242,48400
20190037,1/15/2019,USA,Desktop,Beverage,200,174,34800
20190038,1/15/2019,Thailand,Mobile,Beverage,200,161,32200
20190039,1/15/2019,USA,Desktop,Canned Food,500,434,217000
20190040,1/15/2019,Thailand,Desktop,Canned Food,500,129,64500
20190041,1/15/2019,Thailand,Mobile,Dried Food,450,135,60750
20190042,1/15/2019,Thailand,Mobile,Beverage,200,210,42000
20190043,1/16/2019,Australia,Desktop,Beverage,200,193,38600
20190044,1/16/2019,Australia,Mobile,Dried Food,450,126,56700
20190045,1/16/2019,Thailand,Mobile,Frozen Food,330,127,41910
20190046,1/17/2019,Australia,Desktop,Canned Food,500,130,65000
20190047,1/17/2019,Thailand,Desktop,Frozen Food,330,302,99660
20190048,1/17/2019,Canada,Tablet,Dried Food,450,462,207900
20190049,1/17/2019,Thailand,Mobile,Frozen Food,330,498,164340
20190050,1/19/2019,Canada,Desktop,Canned Food,500,274,137000
20190051,1/19/2019,Australia,Tablet,Canned Food,500,311,155500
20190052,1/19/2019,Thailand,Tablet,Frozen Food,330,164,54120
20190053,1/19/2019,USA,Desktop,Frozen Food,330,241,79530
20190054,1/19/2019,Thailand,Mobile,Canned Food,500,387,193500
20190055,1/20/2019,Canada,Mobile,Canned Food,500,271,135500
20190056,1/21/2019,Canada,Mobile,Frozen Food,330,478,157740
20190057,1/21/2019,Canada,Mobile,Canned Food,500,265,132500
20190058,1/21/2019,USA,Mobile,Canned Food,500,215,107500
20190059,1/21/2019,Canada,Tablet,Canned Food,500,157,78500
20190060,1/21/2019,Australia,Desktop,Beverage,200,403,80600
20190061,1/21/2019,Thailand,Tablet,Canned Food,500,317,158500
20190062,1/21/2019,Canada,Tablet,Canned Food,500,386,193000
20190063,1/22/2019,Canada,Mobile,Dried Food,450,476,214200
20190064,1/22/2019,Australia,Mobile,Canned Food,500,159,79500
20190065,1/23/2019,USA,Mobile,Dried Food,450,199,89550
20190066,1/23/2019,USA,Mobile,Frozen Food,330,221,72930
20190067,1/23/2019,Thailand,Mobile,Beverage,200,300,60000
20190068,1/23/2019,Australia,Desktop,Beverage,200,421,84200
20190069,1/23/2019,USA,Mobile,Canned Food,500,253,126500
20190070,1/23/2019,Australia,Mobile,Beverage,200,338,67600
20190071,1/24/2019,Canada,Mobile,Canned Food,500,496,248000
20190072,1/24/2019,Australia,Desktop,Canned Food,500,431,215500
20190073,1/25/2019,Canada,Mobile,Frozen Food,330,108,35640
20190074,1/25/2019,Canada,Desktop,Beverage,200,149,29800
20190075,1/25/2019,Australia,Desktop,Beverage,200,223,44600
20190076,1/25/2019,USA,Mobile,Frozen Food,330,476,157080
20190077,1/26/2019,Canada,Desktop,Canned Food,500,179,89500
20190078,1/26/2019,Thailand,Mobile,Canned Food,500,247,123500
20190079,1/27/2019,Thailand,Mobile,Dried Food,450,151,67950
20190080,1/27/2019,Canada,Tablet,Frozen Food,330,470,155100
20190081,1/27/2019,Canada,Mobile,Beverage,200,220,44000
20190082,1/28/2019,Thailand,Tablet,Beverage,200,112,22400
20190083,1/28/2019,Canada,Mobile,Beverage,200,374,74800
20190084,1/28/2019,USA,Mobile,Beverage,200,396,79200
20190085,1/28/2019,USA,Mobile,Dried Food,450,284,127800
20190086,1/29/2019,USA,Mobile,Beverage,200,150,30000
20190087,1/29/2019,Canada,Mobile,Dried Food,450,260,117000
20190088,1/29/2019,Australia,Tablet,Dried Food,450,204,91800
20190089,1/30/2019,USA,Mobile,Dried Food,450,446,200700
20190090,1/30/2019,USA,Desktop,Frozen Food,330,288,95040
20190091,1/30/2019,USA,Desktop,Canned Food,500,493,246500
20190092,1/30/2019,USA,Tablet,Dried Food,450,446,200700
20190093,1/30/2019,Canada,Mobile,Beverage,200,328,65600
20190094,1/31/2019,Thailand,Mobile,Beverage,200,284,56800
20190095,1/31/2019,USA,Desktop,Beverage,200,153,30600
20190096,1/31/2019,USA,Desktop,Frozen Food,330,435,143550
20190097,2/1/2019,Thailand,Tablet,Frozen Food,330,462,152460
20190098,2/2/2019,Canada,Desktop,Frozen Food,330,312,102960
20190099,2/2/2019,USA,Desktop,Beverage,200,153,30600
20190100,2/2/2019,Australia,Mobile,Beverage,200,350,70000
20190101,2/3/2019,Canada,Desktop,Dried Food,450,341,153450
20190102,2/3/2019,Canada,Tablet,Frozen Food,330,315,103950
20190103,2/4/2019,Thailand,Desktop,Dried Food,450,455,204750
20190104,2/4/2019,Thailand,Desktop,Dried Food,450,319,143550
20190105,2/4/2019,Australia,Desktop,Beverage,200,325,65000
20190106,2/4/2019,Canada,Desktop,Beverage,200,417,83400
20190107,2/4/2019,Australia,Mobile,Dried Food,450,186,83700
20190108,2/4/2019,Australia,Mobile,Canned Food,500,161,80500
20190109,2/5/2019,Australia,Desktop,Canned Food,500,383,191500
20190110,2/5/2019,Thailand,Mobile,Canned Food,500,430,215000
20190111,2/5/2019,Australia,Desktop,Dried Food,450,148,66600
20190112,2/5/2019,USA,Mobile,Dried Food,450,126,56700
20190113,2/5/2019,Australia,Desktop,Frozen Food,330,101,33330
20190114,2/5/2019,Thailand,Desktop,Beverage,200,445,89000
20190115,2/6/2019,Canada,Desktop,Canned Food,500,463,231500
20190116,2/6/2019,Canada,Mobile,Canned Food,500,112,56000
20190117,2/6/2019,Thailand,Desktop,Canned Food,500,396,198000
20190118,2/6/2019,Australia,Mobile,Canned Food,500,242,121000
20190119,2/7/2019,Canada,Mobile,Canned Food,500,189,94500
20190120,2/7/2019,Australia,Mobile,Canned Food,500,173,86500
20190121,2/7/2019,Australia,Mobile,Beverage,200,255,51000
20190122,2/8/2019,Canada,Desktop,Dried Food,450,416,187200
20190123,2/8/2019,Canada,Desktop,Beverage,200,470,94000
20190124,2/8/2019,Australia,Desktop,Canned Food,500,166,83000
20190125,2/8/2019,Australia,Desktop,Canned Food,500,382,191000
20190126,2/9/2019,Thailand,Desktop,Frozen Food,330,210,69300
20190127,2/9/2019,USA,Desktop,Frozen Food,330,184,60720
20190128,2/9/2019,Australia,Mobile,Canned Food,500,495,247500
20190129,2/9/2019,USA,Desktop,Dried Food,450,172,77400
20190130,2/10/2019,Canada,Desktop,Frozen Food,330,496,163680
20190131,2/10/2019,Thailand,Desktop,Frozen Food,330,266,87780
20190132,2/10/2019,Canada,Tablet,Beverage,200,283,56600
20190133,2/10/2019,Canada,Desktop,Frozen Food,330,142,46860
20190134,2/11/2019,Australia,Tablet,Dried Food,450,384,172800
20190135,2/11/2019,Canada,Mobile,Dried Food,450,492,221400
20190136,2/11/2019,Australia,Mobile,Frozen Food,330,235,77550
20190137,2/11/2019,Australia,Tablet,Frozen Food,330,303,99990
20190138,2/12/2019,Canada,Tablet,Beverage,200,373,74600
20190139,2/12/2019,Canada,Mobile,Beverage,200,435,87000
20190140,2/12/2019,Thailand,Tablet,Canned Food,500,269,134500
20190141,2/12/2019,Australia,Mobile,Frozen Food,330,369,121770
20190142,2/12/2019,Australia,Mobile,Canned Food,500,191,95500
20190143,2/12/2019,Thailand,Mobile,Canned Food,500,117,58500
20190144,2/13/2019,Canada,Tablet,Frozen Food,330,171,56430
20190145,2/13/2019,Thailand,Mobile,Dried Food,450,199,89550
20190146,2/13/2019,Canada,Mobile,Beverage,200,179,35800
20190147,2/14/2019,Thailand,Desktop,Frozen Food,330,348,114840
20190148,2/15/2019,Canada,Desktop,Frozen Food,330,261,86130
20190149,2/15/2019,USA,Tablet,Canned Food,500,233,116500
20190150,2/15/2019,Australia,Desktop,Beverage,200,375,75000
20190151,2/15/2019,USA,Mobile,Frozen Food,330,449,148170
20190152,2/15/2019,Canada,Tablet,Dried Food,450,235,105750
20190153,2/15/2019,Thailand,Desktop,Dried Food,450,430,193500
20190154,2/16/2019,USA,Mobile,Dried Food,450,305,137250
20190155,2/16/2019,USA,Desktop,Frozen Food,330,407,134310
20190156,2/16/2019,USA,Desktop,Canned Food,500,331,165500
20190157,2/17/2019,Thailand,Mobile,Beverage,200,236,47200
20190158,2/17/2019,USA,Tablet,Beverage,200,486,97200
20190159,2/17/2019,Canada,Desktop,Frozen Food,330,271,89430
20190160,2/18/2019,USA,Desktop,Canned Food,500,181,90500
20190161,2/18/2019,Canada,Desktop,Dried Food,450,260,117000
20190162,2/18/2019,USA,Desktop,Canned Food,500,310,155000
20190163,2/19/2019,Canada,Mobile,Dried Food,450,387,174150
20190164,2/19/2019,USA,Mobile,Dried Food,450,453,203850
20190165,2/19/2019,Australia,Desktop,Canned Food,500,441,220500
20190166,2/19/2019,USA,Tablet,Canned Food,500,335,167500
20190167,2/20/2019,Canada,Mobile,Beverage,200,399,79800
20190168,2/20/2019,Thailand,Mobile,Canned Food,500,146,73000
20190169,2/20/2019,Canada,Mobile,Dried Food,450,336,151200
20190170,2/21/2019,Thailand,Tablet,Beverage,200,485,97000
20190171,2/21/2019,Thailand,Mobile,Canned Food,500,196,98000
20190172,2/21/2019,Thailand,Mobile,Canned Food,500,244,122000
20190173,2/21/2019,Canada,Mobile,Dried Food,450,464,208800
20190174,2/21/2019,Canada,Desktop,Dried Food,450,292,131400
20190175,2/21/2019,Thailand,Desktop,Beverage,200,457,91400
20190176,2/21/2019,Thailand,Tablet,Dried Food,450,161,72450
20190177,2/21/2019,Australia,Desktop,Canned Food,500,291,145500
20190178,2/21/2019,Australia,Mobile,Beverage,200,408,81600
20190179,2/22/2019,USA,Mobile,Dried Food,450,179,80550
20190180,2/22/2019,Australia,Mobile,Dried Food,450,403,181350
20190181,2/22/2019,Thailand,Mobile,Dried Food,450,168,75600
20190182,2/22/2019,Canada,Tablet,Beverage,200,307,61400
20190183,2/22/2019,Australia,Mobile,Frozen Food,330,109,35970
20190184,2/22/2019,Canada,Tablet,Dried Food,450,199,89550
20190185,2/23/2019,USA,Tablet,Beverage,200,122,24400
20190186,2/23/2019,USA,Tablet,Frozen Food,330,412,135960
20190187,2/23/2019,Thailand,Tablet,Dried Food,450,107,48150
20190188,2/23/2019,Australia,Desktop,Beverage,200,112,22400
20190189,2/24/2019,Thailand,Mobile,Frozen Food,330,356,117480
20190190,2/24/2019,USA,Tablet,Canned Food,500,233,116500
20190191,2/24/2019,Australia,Desktop,Frozen Food,330,295,97350
20190192,2/25/2019,Canada,Desktop,Dried Food,450,384,172800
20190193,2/25/2019,Canada,Tablet,Frozen Food,330,386,127380
20190194,2/25/2019,USA,Mobile,Beverage,200,285,57000
20190195,2/25/2019,USA,Mobile,Beverage,200,438,87600
20190196,2/26/2019,Australia,Mobile,Frozen Food,330,278,91740
20190197,2/26/2019,Thailand,Mobile,Dried Food,450,484,217800
20190198,2/27/2019,Canada,Tablet,Frozen Food,330,276,91080
20190199,2/27/2019,Thailand,Mobile,Frozen Food,330,176,58080
20190200,2/27/2019,Australia,Mobile,Frozen Food,330,415,136950
20190201,2/27/2019,Australia,Tablet,Beverage,200,282,56400
20190202,2/27/2019,Canada,Mobile,Frozen Food,330,259,85470
20190203,2/28/2019,Canada,Desktop,Beverage,200,158,31600
20190204,2/28/2019,Thailand,Mobile,Beverage,200,176,35200
20190205,2/28/2019,USA,Mobile,Frozen Food,330,464,153120
20190206,2/28/2019,Canada,Desktop,Dried Food,450,413,185850
20190207,2/28/2019,Australia,Tablet,Frozen Food,330,370,122100
20190208,2/28/2019,USA,Mobile,Dried Food,450,413,185850
20190209,3/1/2019,Thailand,Tablet,Canned Food,500,177,88500
20190210,3/1/2019,Canada,Tablet,Dried Food,450,288,129600
20190211,3/1/2019,USA,Mobile,Frozen Food,330,215,70950
20190212,3/2/2019,Thailand,Mobile,Beverage,200,317,63400
20190213,3/2/2019,USA,Mobile,Canned Food,500,359,179500
20190214,3/2/2019,USA,Tablet,Canned Food,500,258,129000
20190215,3/3/2019,Thailand,Tablet,Beverage,200,339,67800
20190216,3/3/2019,Canada,Mobile,Frozen Food,330,508,167640
20190217,3/3/2019,Canada,Mobile,Frozen Food,330,636,209880
20190218,3/4/2019,Australia,Mobile,Dried Food,450,462,207900
20190219,3/4/2019,USA,Desktop,Dried Food,450,198,89100
20190220,3/5/2019,Australia,Mobile,Beverage,200,278,55600
20190221,3/5/2019,USA,Mobile,Canned Food,500,531,265500
20190222,3/5/2019,Thailand,Mobile,Frozen Food,330,133,43890
20190223,3/6/2019,Thailand,Mobile,Beverage,200,270,54000
20190224,3/6/2019,Canada,Desktop,Dried Food,450,540,243000
20190225,3/7/2019,USA,Mobile,Dried Food,450,415,186750
20190226,3/7/2019,Australia,Tablet,Dried Food,450,622,279900
20190227,3/7/2019,Thailand,Mobile,Beverage,200,173,34600
20190228,3/7/2019,Thailand,Desktop,Beverage,200,273,54600
20190229,3/7/2019,Canada,Mobile,Dried Food,450,157,70650
20190230,3/8/2019,USA,Mobile,Dried Food,450,417,187650
20190231,3/8/2019,Australia,Mobile,Frozen Food,330,461,152130
20190232,3/8/2019,USA,Desktop,Canned Food,500,554,277000
20190233,3/9/2019,Thailand,Tablet,Frozen Food,330,564,186120
20190234,3/9/2019,Thailand,Mobile,Frozen Food,330,437,144210
20190235,3/9/2019,Australia,Tablet,Dried Food,450,150,67500
20190236,3/9/2019,Australia,Desktop,Dried Food,450,620,279000
20190237,3/10/2019,USA,Mobile,Dried Food,450,394,177300
20190238,3/10/2019,USA,Mobile,Frozen Food,330,274,90420
20190239,3/11/2019,Thailand,Mobile,Beverage,200,177,35400
20190240,3/11/2019,Thailand,Mobile,Frozen Food,330,246,81180
20190241,3/11/2019,Australia,Desktop,Beverage,200,567,113400
20190242,3/12/2019,Thailand,Desktop,Dried Food,450,407,183150
20190243,3/12/2019,Canada,Mobile,Frozen Food,330,407,134310
20190244,3/12/2019,Australia,Desktop,Dried Food,450,456,205200
20190245,3/12/2019,USA,Tablet,Canned Food,500,353,176500
20190246,3/13/2019,Australia,Tablet,Canned Food,500,604,302000
20190247,3/13/2019,Australia,Mobile,Canned Food,500,428,214000
20190248,3/14/2019,Australia,Mobile,Dried Food,450,535,240750
20190249,3/14/2019,Australia,Mobile,Canned Food,500,365,182500
20190250,3/14/2019,USA,Mobile,Beverage,200,577,115400
20190251,3/15/2019,Canada,Mobile,Canned Food,500,330,165000
20190252,3/15/2019,Canada,Tablet,Beverage,200,465,93000
20190253,3/16/2019,USA,Tablet,Canned Food,500,501,250500
20190254,3/16/2019,Thailand,Desktop,Beverage,200,239,47800
20190255,3/16/2019,Canada,Tablet,Beverage,200,345,69000
20190256,3/16/2019,Canada,Desktop,Beverage,200,366,73200
20190257,3/16/2019,Canada,Desktop,Canned Food,500,518,259000
20190258,3/16/2019,Thailand,Mobile,Frozen Food,330,582,192060
20190259,3/16/2019,Australia,Mobile,Frozen Food,330,567,187110
20190260,3/16/2019,Australia,Desktop,Frozen Food,330,551,181830
20190261,3/17/2019,Canada,Mobile,Frozen Food,330,138,45540
20190262,3/17/2019,Australia,Mobile,Beverage,200,621,124200
20190263,3/18/2019,Canada,Mobile,Beverage,200,478,95600
20190264,3/18/2019,Thailand,Mobile,Beverage,200,130,26000
20190265,3/19/2019,Canada,Tablet,Dried Food,450,120,54000
20190266,3/19/2019,USA,Desktop,Frozen Food,330,579,191070
20190267,3/19/2019,Thailand,Mobile,Frozen Food,330,295,97350
20190268,3/19/2019,USA,Mobile,Beverage,200,453,90600
20190269,3/19/2019,Thailand,Tablet,Canned Food,500,418,209000
20190270,3/20/2019,Canada,Desktop,Beverage,200,187,37400
20190271,3/20/2019,Australia,Mobile,Canned Food,500,347,173500
20190272,3/21/2019,Canada,Mobile,Beverage,200,224,44800
20190273,3/21/2019,Canada,Desktop,Beverage,200,383,76600
20190274,3/21/2019,USA,Tablet,Frozen Food,330,513,169290
20190275,3/21/2019,USA,Tablet,Frozen Food,330,530,174900
20190276,3/22/2019,Australia,Mobile,Beverage,200,591,118200
20190277,3/23/2019,Thailand,Desktop,Canned Food,500,454,227000
20190278,3/23/2019,USA,Mobile,Canned Food,500,91,45500
20190279,3/23/2019,Canada,Mobile,Dried Food,450,591,265950
20190280,3/23/2019,Australia,Tablet,Dried Food,450,406,182700
20190281,3/24/2019,Canada,Desktop,Canned Food,500,436,218000
20190282,3/24/2019,Canada,Tablet,Beverage,200,343,68600
20190283,3/25/2019,USA,Desktop,Canned Food,500,360,180000
20190284,3/25/2019,USA,Mobile,Canned Food,500,513,256500
20190285,3/25/2019,USA,Mobile,Canned Food,500,382,191000
20190286,3/25/2019,Thailand,Mobile,Canned Food,500,258,129000
20190287,3/26/2019,Thailand,Desktop,Frozen Food,330,286,94380
20190288,3/27/2019,Canada,Mobile,Beverage,200,211,42200
20190289,3/27/2019,Canada,Tablet,Dried Food,450,259,116550
20190290,3/27/2019,USA,Desktop,Canned Food,500,600,300000
20190291,3/27/2019,USA,Mobile,Dried Food,450,237,106650
20190292,3/29/2019,Australia,Tablet,Frozen Food,330,555,183150
20190293,3/29/2019,USA,Tablet,Canned Food,500,400,200000
20190294,3/29/2019,Australia,Mobile,Beverage,200,476,95200
20190295,3/29/2019,USA,Desktop,Dried Food,450,204,91800
20190296,3/29/2019,Australia,Mobile,Dried Food,450,405,182250
20190297,3/29/2019,USA,Mobile,Beverage,200,138,27600
20190298,3/30/2019,USA,Desktop,Dried Food,450,365,164250
20190299,3/30/2019,USA,Mobile,Canned Food,500,559,279500
20190300,3/30/2019,Thailand,Mobile,Beverage,200,261,52200
20190301,3/30/2019,Australia,Desktop,Canned Food,500,415,207500
20190302,3/31/2019,Thailand,Mobile,Frozen Food,330,223,73590
20190303,3/31/2019,Canada,Desktop,Frozen Food,330,388,128040
20190304,3/31/2019,Australia,Desktop,Frozen Food,330,179,59070
20190305,3/31/2019,USA,Mobile,Beverage,200,341,68200
20190306,4/1/2019,Australia,Desktop,Canned Food,500,558,279000
20190307,4/1/2019,Thailand,Mobile,Dried Food,450,239,107550
20190308,4/1/2019,Australia,Mobile,Dried Food,450,446,200700
20190309,4/2/2019,Canada,Mobile,Dried Food,450,523,235350
20190310,4/2/2019,Canada,Tablet,Dried Food,450,300,135000
20190311,4/3/2019,Australia,Desktop,Dried Food,450,384,172800
20190312,4/3/2019,USA,Tablet,Beverage,200,525,105000
20190313,4/3/2019,Thailand,Mobile,Frozen Food,330,201,66330
20190314,4/3/2019,USA,Mobile,Frozen Food,330,155,51150
20190315,4/4/2019,Australia,Mobile,Canned Food,500,559,279500
20190316,4/4/2019,USA,Tablet,Dried Food,450,448,201600
20190317,4/4/2019,Canada,Desktop,Canned Food,500,289,144500
20190318,4/4/2019,Canada,Mobile,Beverage,200,523,104600
20190319,4/4/2019,Australia,Desktop,Dried Food,450,93,41850
20190320,4/4/2019,Australia,Mobile,Frozen Food,330,196,64680
20190321,4/4/2019,Australia,Mobile,Frozen Food,330,613,202290
20190322,4/4/2019,Australia,Desktop,Dried Food,450,520,234000
20190323,4/5/2019,Canada,Mobile,Frozen Food,330,531,175230
20190324,4/6/2019,USA,Mobile,Dried Food,450,205,92250
20190325,4/7/2019,Australia,Mobile,Canned Food,500,425,212500
20190326,4/7/2019,USA,Mobile,Beverage,200,571,114200
20190327,4/7/2019,USA,Desktop,Canned Food,500,187,93500
20190328,4/7/2019,Australia,Tablet,Beverage,200,634,126800
20190329,4/7/2019,Australia,Tablet,Frozen Food,330,168,55440
20190330,4/7/2019,Canada,Mobile,Frozen Food,330,186,61380
20190331,4/8/2019,Thailand,Mobile,Beverage,200,447,89400
20190332,4/8/2019,USA,Desktop,Beverage,200,423,84600
20190333,4/9/2019,USA,Desktop,Frozen Food,330,414,136620
20190334,4/9/2019,Canada,Mobile,Canned Food,500,220,110000
20190335,4/9/2019,Thailand,Mobile,Beverage,200,230,46000
20190336,4/10/2019,Australia,Tablet,Beverage,200,367,73400
20190337,4/10/2019,Thailand,Tablet,Dried Food,450,433,194850
20190338,4/10/2019,USA,Mobile,Beverage,200,671,134200
20190339,4/11/2019,Thailand,Tablet,Frozen Food,330,377,124410
20190340,4/12/2019,Thailand,Mobile,Beverage,200,251,50200
20190341,4/12/2019,Australia,Mobile,Canned Food,500,187,93500
20190342,4/13/2019,Thailand,Mobile,Frozen Food,330,114,37620
20190343,4/13/2019,Australia,Mobile,Beverage,200,101,20200
20190344,4/13/2019,Australia,Mobile,Dried Food,450,311,139950
20190345,4/13/2019,USA,Tablet,Beverage,200,441,88200
20190346,4/14/2019,Australia,Mobile,Dried Food,450,196,88200
20190347,4/14/2019,Canada,Mobile,Dried Food,450,306,137700
20190348,4/14/2019,Thailand,Desktop,Canned Food,500,278,139000
20190349,4/14/2019,Australia,Tablet,Frozen Food,330,355,117150
20190350,4/14/2019,Australia,Mobile,Frozen Food,330,413,136290
20190351,4/14/2019,Thailand,Mobile,Dried Food,450,569,256050
20190352,4/14/2019,Australia,Mobile,Beverage,200,150,30000
20190353,4/14/2019,Canada,Mobile,Dried Food,450,433,194850
20190354,4/14/2019,Australia,Mobile,Beverage,200,345,69000
20190355,4/15/2019,USA,Tablet,Frozen Food,330,503,165990
20190356,4/15/2019,USA,Mobile,Canned Food,500,157,78500
20190357,4/15/2019,Thailand,Mobile,Frozen Food,330,427,140910
20190358,4/15/2019,Australia,Desktop,Canned Food,500,580,290000
20190359,4/16/2019,Thailand,Mobile,Canned Food,500,201,100500
20190360,4/16/2019,Canada,Desktop,Beverage,200,514,102800
20190361,4/16/2019,USA,Tablet,Canned Food,500,294,147000
20190362,4/16/2019,Australia,Mobile,Dried Food,450,492,221400
20190363,4/16/2019,USA,Desktop,Canned Food,500,638,319000
20190364,4/17/2019,Thailand,Mobile,Canned Food,500,299,149500
20190365,4/17/2019,Australia,Tablet,Frozen Food,330,283,93390
20190366,4/18/2019,Thailand,Mobile,Frozen Food,330,404,133320
20190367,4/18/2019,USA,Tablet,Canned Food,500,635,317500
20190368,4/19/2019,USA,Tablet,Frozen Food,330,325,107250
20190369,4/19/2019,Australia,Tablet,Beverage,200,443,88600
20190370,4/19/2019,Australia,Desktop,Frozen Food,330,164,54120
20190371,4/21/2019,USA,Mobile,Canned Food,500,474,237000
20190372,4/21/2019,Canada,Desktop,Beverage,200,486,97200
20190373,4/21/2019,Canada,Desktop,Canned Food,500,327,163500
20190374,4/22/2019,Canada,Desktop,Dried Food,450,285,128250
20190375,4/22/2019,Canada,Mobile,Beverage,200,502,100400
20190376,4/22/2019,Thailand,Mobile,Canned Food,500,402,201000
20190377,4/23/2019,Australia,Mobile,Beverage,200,292,58400
20190378,4/23/2019,Thailand,Mobile,Canned Food,500,274,137000
20190379,4/24/2019,Canada,Mobile,Frozen Food,330,350,115500
20190380,4/24/2019,USA,Mobile,Frozen Food,330,369,121770
20190381,4/24/2019,Australia,Tablet,Frozen Food,330,268,88440
20190382,4/24/2019,Canada,Mobile,Beverage,200,472,94400
20190383,4/24/2019,Australia,Mobile,Beverage,200,336,67200
20190384,4/28/2019,USA,Desktop,Canned Food,500,191,95500
20190385,4/28/2019,USA,Mobile,Dried Food,450,467,210150
20190386,4/29/2019,Thailand,Desktop,Canned Food,500,508,254000
20190387,4/29/2019,Australia,Desktop,Canned Food,500,501,250500
20190388,4/29/2019,Canada,Desktop,Dried Food,450,395,177750
20190389,4/29/2019,Australia,Mobile,Frozen Food,330,162,53460
20190390,4/30/2019,USA,Mobile,Dried Food,450,385,173250
20190391,4/30/2019,Thailand,Tablet,Frozen Food,330,484,159720
20190392,4/30/2019,Australia,Desktop,Dried Food,450,440,198000
20190393,4/30/2019,Australia,Mobile,Canned Food,500,372,186000
20190394,5/1/2019,Thailand,Desktop,Dried Food,450,422,189900
20190395,5/2/2019,Thailand,Mobile,Beverage,200,400,80000
20190396,5/2/2019,USA,Desktop,Dried Food,450,172,77400
20190397,5/2/2019,Australia,Mobile,Canned Food,500,417,208500
20190398,5/5/2019,Thailand,Mobile,Dried Food,450,320,144000
20190399,5/5/2019,USA,Tablet,Canned Food,500,155,77500
20190400,5/5/2019,USA,Mobile,Frozen Food,330,333,109890
20190401,5/5/2019,Canada,Tablet,Beverage,200,150,30000
20190402,5/5/2019,USA,Mobile,Dried Food,450,426,191700
20190403,5/6/2019,USA,Mobile,Canned Food,500,379,189500
20190404,5/6/2019,Thailand,Tablet,Frozen Food,330,469,154770
20190405,5/6/2019,Thailand,Tablet,Dried Food,450,226,101700
20190406,5/6/2019,Australia,Mobile,Dried Food,450,402,180900
20190407,5/6/2019,Thailand,Mobile,Dried Food,450,207,93150
20190408,5/6/2019,Canada,Mobile,Frozen Food,330,108,35640
20190409,5/6/2019,Canada,Mobile,Dried Food,450,217,97650
20190410,5/6/2019,USA,Tablet,Beverage,200,428,85600
20190411,5/6/2019,Canada,Mobile,Canned Food,500,439,219500
20190412,5/7/2019,Canada,Mobile,Canned Food,500,494,247000
20190413,5/7/2019,Australia,Desktop,Beverage,200,474,94800
20190414,5/7/2019,USA,Mobile,Canned Food,500,318,159000
20190415,5/8/2019,Australia,Tablet,Frozen Food,330,246,81180
20190416,5/8/2019,USA,Mobile,Frozen Food,330,149,49170
20190417,5/8/2019,Australia,Tablet,Dried Food,450,426,191700
20190418,5/9/2019,Thailand,Mobile,Beverage,200,372,74400
20190419,5/9/2019,Thailand,Tablet,Beverage,200,258,51600
20190420,5/9/2019,Canada,Mobile,Frozen Food,330,442,145860
20190421,5/9/2019,Australia,Tablet,Frozen Food,330,124,40920
20190422,5/10/2019,Australia,Mobile,Beverage,200,335,67000
20190423,5/10/2019,Australia,Desktop,Frozen Food,330,280,92400
20190424,5/10/2019,Thailand,Mobile,Canned Food,500,217,108500
20190425,5/10/2019,Thailand,Tablet,Beverage,200,498,99600
20190426,5/11/2019,Canada,Mobile,Dried Food,450,163,73350
20190427,5/11/2019,USA,Mobile,Beverage,200,150,30000
20190428,5/12/2019,Australia,Desktop,Frozen Food,330,449,148170
20190429,5/12/2019,USA,Mobile,Canned Food,500,386,193000
20190430,5/12/2019,USA,Mobile,Beverage,200,458,91600
20190431,5/13/2019,Australia,Desktop,Beverage,200,475,95000
20190432,5/13/2019,Australia,Tablet,Dried Food,450,484,217800
20190433,5/13/2019,Thailand,Mobile,Beverage,200,180,36000
20190434,5/13/2019,Canada,Mobile,Beverage,200,459,91800
20190435,5/13/2019,Canada,Desktop,Canned Food,500,139,69500
20190436,5/14/2019,Thailand,Mobile,Frozen Food,330,194,64020
20190437,5/14/2019,USA,Mobile,Beverage,200,466,93200
20190438,5/15/2019,Thailand,Tablet,Canned Food,500,230,115000
20190439,5/15/2019,Thailand,Mobile,Canned Food,500,323,161500
20190440,5/16/2019,Australia,Mobile,Beverage,200,314,62800
20190441,5/16/2019,Thailand,Desktop,Dried Food,450,483,217350
20190442,5/16/2019,USA,Mobile,Beverage,200,355,71000
20190443,5/17/2019,Thailand,Desktop,Canned Food,500,160,80000
20190444,5/17/2019,Canada,Tablet,Frozen Food,330,392,129360
20190445,5/18/2019,Thailand,Mobile,Beverage,200,463,92600
20190446,5/18/2019,Australia,Mobile,Beverage,200,287,57400
20190447,5/18/2019,Australia,Mobile,Dried Food,450,102,45900
20190448,5/18/2019,USA,Tablet,Dried Food,450,367,165150
20190449,5/18/2019,Canada,Mobile,Frozen Food,330,219,72270
20190450,5/18/2019,USA,Mobile,Canned Food,500,325,162500
20190451,5/19/2019,USA,Mobile,Beverage,200,420,84000
20190452,5/19/2019,Thailand,Desktop,Beverage,200,146,29200
20190453,5/20/2019,Canada,Tablet,Canned Food,500,118,59000
20190454,5/20/2019,Thailand,Mobile,Frozen Food,330,381,125730
20190455,5/20/2019,Thailand,Mobile,Dried Food,450,336,151200
20190456,5/20/2019,Australia,Mobile,Canned Food,500,357,178500
20190457,5/20/2019,Thailand,Mobile,Beverage,200,382,76400
20190458,5/21/2019,Canada,Mobile,Dried Food,450,266,119700
20190459,5/21/2019,Thailand,Mobile,Dried Food,450,118,53100
20190460,5/21/2019,Australia,Desktop,Beverage,200,387,77400
20190461,5/21/2019,Thailand,Tablet,Dried Food,450,421,189450
20190462,5/22/2019,Thailand,Mobile,Canned Food,500,488,244000
20190463,5/22/2019,Australia,Desktop,Beverage,200,117,23400
20190464,5/22/2019,Thailand,Tablet,Frozen Food,330,424,139920
20190465,5/23/2019,Thailand,Desktop,Canned Food,500,250,125000
20190466,5/23/2019,Australia,Tablet,Frozen Food,330,340,112200
20190467,5/23/2019,Thailand,Mobile,Beverage,200,178,35600
20190468,5/24/2019,Australia,Desktop,Beverage,200,445,89000
20190469,5/24/2019,Thailand,Tablet,Canned Food,500,257,128500
20190470,5/24/2019,Canada,Mobile,Canned Food,500,208,104000
20190471,5/24/2019,Thailand,Mobile,Dried Food,450,225,101250
20190472,5/25/2019,Australia,Tablet,Frozen Food,330,319,105270
20190473,5/26/2019,Australia,Mobile,Beverage,200,231,46200
20190474,5/26/2019,Australia,Tablet,Canned Food,500,327,163500
20190475,5/26/2019,Thailand,Desktop,Beverage,200,253,50600
20190476,5/26/2019,USA,Mobile,Dried Food,450,355,159750
20190477,5/27/2019,Canada,Mobile,Canned Food,500,374,187000
20190478,5/27/2019,Canada,Mobile,Dried Food,450,263,118350
20190479,5/27/2019,Australia,Mobile,Frozen Food,330,218,71940
20190480,5/27/2019,Canada,Tablet,Frozen Food,330,115,37950
20190481,5/27/2019,Australia,Tablet,Canned Food,500,478,239000
20190482,5/27/2019,USA,Mobile,Canned Food,500,492,246000
20190483,5/28/2019,Canada,Desktop,Frozen Food,330,112,36960
20190484,5/28/2019,Australia,Mobile,Beverage,200,291,58200
20190485,5/28/2019,Thailand,Desktop,Frozen Food,330,376,124080
20190486,5/28/2019,Australia,Tablet,Frozen Food,330,427,140910
20190487,5/29/2019,Canada,Tablet,Frozen Food,330,385,127050
20190488,5/29/2019,USA,Desktop,Frozen Food,330,321,105930
20190489,5/30/2019,Thailand,Mobile,Frozen Food,330,331,109230
20190490,5/30/2019,Australia,Mobile,Dried Food,450,386,173700
20190491,5/30/2019,Canada,Mobile,Dried Food,450,449,202050
20190492,5/30/2019,Australia,Desktop,Beverage,200,461,92200
20190493,5/30/2019,Thailand,Desktop,Canned Food,500,233,116500
20190494,5/31/2019,USA,Tablet,Beverage,200,317,63400
20190495,5/31/2019,Australia,Desktop,Frozen Food,330,368,121440
20190496,5/31/2019,USA,Tablet,Frozen Food,330,364,120120
20190497,5/31/2019,USA,Mobile,Beverage,200,331,66200
20190498,5/31/2019,USA,Desktop,Canned Food,500,452,226000
20190499,6/1/2019,Canada,Mobile,Frozen Food,330,366,120780
20190500,6/1/2019,Thailand,Mobile,Beverage,200,377,75400
20190501,6/1/2019,USA,Tablet,Frozen Food,330,366,120780
20190502,6/2/2019,USA,Tablet,Canned Food,500,270,135000
20190503,6/2/2019,Thailand,Mobile,Dried Food,450,428,192600
20190504,6/3/2019,USA,Tablet,Beverage,200,200,40000
20190505,6/3/2019,USA,Tablet,Frozen Food,330,451,148830
20190506,6/3/2019,Canada,Mobile,Dried Food,450,107,48150
20190507,6/3/2019,Australia,Tablet,Canned Food,500,443,221500
20190508,6/3/2019,Thailand,Mobile,Dried Food,450,372,167400
20190509,6/4/2019,USA,Mobile,Dried Food,450,431,193950
20190510,6/4/2019,Canada,Desktop,Canned Food,500,482,241000
20190511,6/4/2019,Thailand,Desktop,Canned Food,500,336,168000
20190512,6/5/2019,Australia,Tablet,Dried Food,450,391,175950
20190513,6/5/2019,Australia,Mobile,Frozen Food,330,261,86130
20190514,6/5/2019,USA,Desktop,Dried Food,450,462,207900
20190515,6/5/2019,Thailand,Desktop,Beverage,200,488,97600
20190516,6/5/2019,USA,Desktop,Frozen Food,330,105,34650
20190517,6/6/2019,Thailand,Tablet,Dried Food,450,319,143550
20190518,6/6/2019,Australia,Mobile,Canned Food,500,341,170500
20190519,6/6/2019,Canada,Desktop,Dried Food,450,220,99000
20190520,6/7/2019,Thailand,Mobile,Dried Food,450,387,174150
20190521,6/7/2019,USA,Desktop,Frozen Food,330,212,69960
20190522,6/7/2019,Canada,Tablet,Canned Food,500,434,217000
20190523,6/7/2019,Australia,Desktop,Dried Food,450,422,189900
20190524,6/7/2019,Thailand,Desktop,Canned Food,500,119,59500
20190525,6/7/2019,Canada,Tablet,Dried Food,450,140,63000
20190526,6/8/2019,Thailand,Desktop,Frozen Food,330,314,103620
20190527,6/8/2019,Canada,Mobile,Beverage,200,453,90600
20190528,6/8/2019,USA,Mobile,Dried Food,450,215,96750
20190529,6/9/2019,Australia,Mobile,Beverage,200,294,58800
20190530,6/9/2019,USA,Tablet,Frozen Food,330,150,49500
20190531,6/9/2019,Australia,Mobile,Canned Food,500,491,245500
20190532,6/9/2019,Canada,Tablet,Dried Food,450,188,84600
20190533,6/9/2019,USA,Mobile,Beverage,200,483,96600
20190534,6/9/2019,Canada,Desktop,Frozen Food,330,128,42240
20190535,6/10/2019,Canada,Tablet,Frozen Food,330,395,130350
20190536,6/11/2019,USA,Desktop,Dried Food,450,214,96300
20190537,6/11/2019,Australia,Tablet,Dried Food,450,410,184500
20190538,6/11/2019,Thailand,Mobile,Frozen Food,330,392,129360
20190539,6/11/2019,Thailand,Mobile,Dried Food,450,263,118350
20190540,6/11/2019,Canada,Mobile,Beverage,200,111,22200
20190541,6/12/2019,USA,Desktop,Canned Food,500,266,133000
20190542,6/12/2019,Canada,Tablet,Beverage,200,275,55000
20190543,6/13/2019,USA,Desktop,Frozen Food,330,302,99660
20190544,6/13/2019,USA,Desktop,Beverage,200,142,28400
20190545,6/14/2019,Canada,Tablet,Beverage,200,107,21400
20190546,6/14/2019,USA,Mobile,Dried Food,450,262,117900
20190547,6/15/2019,USA,Desktop,Canned Food,500,108,54000
20190548,6/15/2019,Thailand,Tablet,Dried Food,450,159,71550
20190549,6/15/2019,Thailand,Mobile,Beverage,200,447,89400
20190550,6/15/2019,Australia,Mobile,Canned Food,500,442,221000
20190551,6/16/2019,Canada,Tablet,Beverage,200,259,51800
20190552,6/16/2019,USA,Mobile,Dried Food,450,297,133650
20190553,6/16/2019,USA,Desktop,Canned Food,500,233,116500
20190554,6/16/2019,Australia,Mobile,Beverage,200,123,24600
20190555,6/17/2019,USA,Mobile,Frozen Food,330,260,85800
20190556,6/17/2019,Canada,Desktop,Canned Food,500,331,165500
20190557,6/17/2019,USA,Tablet,Frozen Food,330,380,125400
20190558,6/18/2019,Canada,Tablet,Canned Food,500,132,66000
20190559,6/19/2019,Australia,Tablet,Beverage,200,226,45200
20190560,6/19/2019,Thailand,Mobile,Dried Food,450,106,47700
20190561,6/20/2019,USA,Tablet,Frozen Food,330,441,145530
20190562,6/20/2019,Thailand,Tablet,Dried Food,450,101,45450
20190563,6/20/2019,Thailand,Desktop,Dried Food,450,289,130050
20190564,6/20/2019,Canada,Mobile,Frozen Food,330,357,117810
20190565,6/20/2019,Australia,Tablet,Dried Food,450,181,81450
20190566,6/20/2019,Canada,Mobile,Dried Food,450,290,130500
20190567,6/21/2019,Thailand,Tablet,Canned Food,500,163,81500
20190568,6/21/2019,Australia,Mobile,Beverage,200,293,58600
20190569,6/21/2019,USA,Desktop,Canned Food,500,205,102500
20190570,6/21/2019,Thailand,Mobile,Canned Food,500,151,75500
20190571,6/21/2019,Thailand,Mobile,Frozen Food,330,103,33990
20190572,6/22/2019,Thailand,Mobile,Dried Food,450,152,68400
20190573,6/22/2019,USA,Mobile,Canned Food,500,402,201000
20190574,6/22/2019,USA,Mobile,Beverage,200,169,33800
20190575,6/23/2019,USA,Mobile,Beverage,200,311,62200
20190576,6/23/2019,Canada,Mobile,Canned Food,500,122,61000
20190577,6/24/2019,Canada,Mobile,Frozen Food,330,373,123090
20190578,6/24/2019,Australia,Mobile,Beverage,200,287,57400
20190579,6/24/2019,Thailand,Tablet,Dried Food,450,241,108450
20190580,6/25/2019,Canada,Desktop,Dried Food,450,358,161100
20190581,6/25/2019,USA,Mobile,Beverage,200,347,69400
20190582,6/25/2019,USA,Desktop,Beverage,200,397,79400
20190583,6/25/2019,USA,Mobile,Canned Food,500,225,112500
20190584,6/25/2019,Thailand,Mobile,Canned Food,500,273,136500
20190585,6/26/2019,Australia,Mobile,Dried Food,450,301,135450
20190586,6/26/2019,Australia,Mobile,Canned Food,500,187,93500
20190587,6/26/2019,Canada,Mobile,Canned Food,500,397,198500
20190588,6/26/2019,Australia,Tablet,Beverage,200,332,66400
20190589,6/26/2019,Canada,Mobile,Beverage,200,281,56200
20190590,6/26/2019,Thailand,Mobile,Beverage,200,488,97600
20190591,6/26/2019,Canada,Desktop,Frozen Food,330,264,87120
20190592,6/26/2019,Thailand,Mobile,Canned Food,500,481,240500
20190593,6/26/2019,Canada,Tablet,Beverage,200,282,56400
20190594,6/26/2019,USA,Mobile,Frozen Food,330,404,133320
20190595,6/26/2019,USA,Mobile,Dried Food,450,434,195300
20190596,6/27/2019,Thailand,Mobile,Dried Food,450,130,58500
20190597,6/27/2019,USA,Desktop,Dried Food,450,491,220950
20190598,6/28/2019,Australia,Tablet,Dried Food,450,186,83700
20190599,6/28/2019,Thailand,Tablet,Beverage,200,200,40000
20190600,6/29/2019,Thailand,Tablet,Frozen Food,330,182,60060
20190601,6/29/2019,Australia,Mobile,Canned Food,500,269,134500
20190602,6/29/2019,Australia,Tablet,Beverage,200,424,84800
20190603,6/30/2019,USA,Tablet,Canned Food,500,364,182000
20190604,6/30/2019,Australia,Tablet,Dried Food,450,386,173700
20190605,6/30/2019,Canada,Mobile,Frozen Food,330,479,158070
20190606,7/1/2019,Canada,Mobile,Beverage,200,504,100800
20190607,7/1/2019,Thailand,Tablet,Beverage,200,268,53600
20190608,7/2/2019,Thailand,Mobile,Frozen Food,330,478,157740
20190609,7/2/2019,Thailand,Desktop,Frozen Food,330,220,72600
20190610,7/2/2019,USA,Desktop,Frozen Food,330,178,58740
20190611,7/2/2019,Australia,Tablet,Dried Food,450,265,119250
20190612,7/3/2019,USA,Mobile,Dried Food,450,178,80100
20190613,7/3/2019,Canada,Desktop,Dried Food,450,225,101250
20190614,7/3/2019,Australia,Mobile,Beverage,200,402,80400
20190615,7/3/2019,Canada,Tablet,Beverage,200,184,36800
20190616,7/4/2019,USA,Tablet,Canned Food,500,444,222000
20190617,7/4/2019,Australia,Mobile,Frozen Food,330,340,112200
20190618,7/5/2019,Thailand,Tablet,Beverage,200,204,40800
20190619,7/5/2019,Thailand,Tablet,Frozen Food,330,348,114840
20190620,7/5/2019,Thailand,Desktop,Frozen Food,330,179,59070
20190621,7/5/2019,Australia,Desktop,Canned Food,500,541,270500
20190622,7/5/2019,Thailand,Mobile,Dried Food,450,538,242100
20190623,7/5/2019,Australia,Mobile,Canned Food,500,391,195500
20190624,7/5/2019,Thailand,Tablet,Frozen Food,330,489,161370
20190625,7/6/2019,Canada,Tablet,Beverage,200,439,87800
20190626,7/6/2019,USA,Mobile,Canned Food,500,437,218500
20190627,7/7/2019,USA,Tablet,Dried Food,450,556,250200
20190628,7/7/2019,Australia,Desktop,Frozen Food,330,454,149820
20190629,7/7/2019,Australia,Mobile,Frozen Food,330,371,122430
20190630,7/7/2019,Australia,Tablet,Dried Food,450,278,125100
20190631,7/7/2019,Australia,Desktop,Frozen Food,330,405,133650
20190632,7/7/2019,Canada,Mobile,Frozen Food,330,481,158730
20190633,7/8/2019,USA,Mobile,Dried Food,450,442,198900
20190634,7/8/2019,Thailand,Desktop,Beverage,200,474,94800
20190635,7/8/2019,USA,Tablet,Frozen Food,330,477,157410
20190636,7/8/2019,Australia,Tablet,Frozen Food,330,517,170610
20190637,7/8/2019,Australia,Desktop,Beverage,200,547,109400
20190638,7/9/2019,Australia,Desktop,Beverage,200,170,34000
20190639,7/11/2019,Canada,Mobile,Dried Food,450,366,164700
20190640,7/11/2019,Canada,Mobile,Dried Food,450,199,89550
20190641,7/11/2019,Australia,Mobile,Dried Food,450,389,175050
20190642,7/11/2019,Australia,Desktop,Frozen Food,330,216,71280
20190643,7/12/2019,Thailand,Mobile,Beverage,200,496,99200
20190644,7/12/2019,Thailand,Mobile,Frozen Food,330,449,148170
20190645,7/13/2019,Canada,Tablet,Canned Food,500,436,218000
20190646,7/13/2019,Canada,Mobile,Beverage,200,410,82000
20190647,7/13/2019,Australia,Mobile,Dried Food,450,233,104850
20190648,7/13/2019,Australia,Mobile,Canned Food,500,316,158000
20190649,7/15/2019,Australia,Desktop,Beverage,200,433,86600
20190650,7/15/2019,USA,Tablet,Canned Food,500,197,98500
20190651,7/15/2019,Thailand,Mobile,Frozen Food,330,284,93720
20190652,7/15/2019,Thailand,Tablet,Frozen Food,330,425,140250
20190653,7/16/2019,Australia,Desktop,Frozen Food,330,518,170940
20190654,7/16/2019,USA,Desktop,Frozen Food,330,524,172920
20190655,7/17/2019,Thailand,Desktop,Dried Food,450,552,248400
20190656,7/17/2019,Canada,Mobile,Dried Food,450,273,122850
20190657,7/17/2019,Thailand,Tablet,Frozen Food,330,241,79530
20190658,7/17/2019,Australia,Desktop,Canned Food,500,388,194000
20190659,7/18/2019,USA,Desktop,Frozen Food,330,240,79200
20190660,7/18/2019,Australia,Mobile,Frozen Food,330,479,158070
20190661,7/18/2019,USA,Mobile,Dried Food,450,227,102150
20190662,7/19/2019,Australia,Mobile,Beverage,200,310,62000
20190663,7/20/2019,USA,Tablet,Frozen Food,330,225,74250
20190664,7/20/2019,Australia,Tablet,Frozen Food,330,221,72930
20190665,7/20/2019,Australia,Mobile,Canned Food,500,195,97500
20190666,7/20/2019,Canada,Desktop,Frozen Food,330,470,155100
20190667,7/20/2019,Australia,Mobile,Beverage,200,481,96200
20190668,7/20/2019,USA,Tablet,Dried Food,450,332,149400
20190669,7/21/2019,Thailand,Desktop,Dried Food,450,254,114300
20190670,7/21/2019,Australia,Desktop,Frozen Food,330,215,70950
20190671,7/22/2019,Thailand,Desktop,Canned Food,500,352,176000
20190672,7/23/2019,USA,Tablet,Frozen Food,330,242,79860
20190673,7/23/2019,Australia,Mobile,Beverage,200,483,96600
20190674,7/24/2019,Canada,Desktop,Beverage,200,518,103600
20190675,7/24/2019,Canada,Desktop,Frozen Food,330,442,145860
20190676,7/24/2019,Thailand,Mobile,Frozen Food,330,378,124740
20190677,7/25/2019,Canada,Desktop,Beverage,200,193,38600
20190678,7/25/2019,USA,Mobile,Frozen Food,330,548,180840
20190679,7/25/2019,Australia,Tablet,Beverage,200,269,53800
20190680,7/25/2019,Australia,Mobile,Beverage,200,317,63400
20190681,7/25/2019,Canada,Mobile,Dried Food,450,282,126900
20190682,7/26/2019,Thailand,Mobile,Frozen Food,330,187,61710
20190683,7/26/2019,USA,Mobile,Frozen Food,330,262,86460
20190684,7/26/2019,USA,Mobile,Dried Food,450,394,177300
20190685,7/26/2019,USA,Mobile,Beverage,200,527,105400
20190686,7/26/2019,USA,Mobile,Frozen Food,330,529,174570
20190687,7/27/2019,USA,Mobile,Frozen Food,330,271,89430
20190688,7/27/2019,Canada,Mobile,Dried Food,450,346,155700
20190689,7/27/2019,Thailand,Mobile,Beverage,200,430,86000
20190690,7/28/2019,USA,Mobile,Frozen Food,330,513,169290
20190691,7/28/2019,USA,Mobile,Dried Food,450,523,235350
20190692,7/28/2019,Australia,Mobile,Canned Food,500,282,141000
20190693,7/28/2019,USA,Tablet,Canned Food,500,467,233500
20190694,7/28/2019,Thailand,Mobile,Canned Food,500,239,119500
20190695,7/28/2019,Thailand,Mobile,Canned Food,500,458,229000
20190696,7/28/2019,USA,Mobile,Frozen Food,330,205,67650
20190697,7/29/2019,Canada,Desktop,Frozen Food,330,333,109890
20190698,7/29/2019,Canada,Mobile,Canned Food,500,186,93000
20190699,7/30/2019,Canada,Mobile,Frozen Food,330,194,64020
20190700,7/30/2019,Thailand,Desktop,Frozen Food,330,233,76890
20190701,7/30/2019,Thailand,Mobile,Beverage,200,293,58600
20190702,7/30/2019,Australia,Mobile,Dried Food,450,376,169200
20190703,7/31/2019,Thailand,Mobile,Frozen Food,330,184,60720
20190704,7/31/2019,Canada,Mobile,Dried Food,450,401,180450
20190705,7/31/2019,USA,Tablet,Frozen Food,330,558,184140
20190706,7/31/2019,USA,Tablet,Canned Food,500,498,249000
20190707,7/31/2019,Canada,Tablet,Frozen Food,330,255,84150
20190708,8/1/2019,USA,Mobile,Canned Food,500,237,118500
20190709,8/2/2019,Canada,Tablet,Frozen Food,330,252,83160
20190710,8/2/2019,Australia,Desktop,Beverage,200,441,88200
20190711,8/2/2019,Canada,Desktop,Canned Food,500,239,119500
20190712,8/3/2019,USA,Desktop,Canned Food,500,486,243000
20190713,8/3/2019,Canada,Desktop,Beverage,200,282,56400
20190714,8/4/2019,Canada,Tablet,Canned Food,500,170,85000
20190715,8/4/2019,Thailand,Mobile,Frozen Food,330,266,87780
20190716,8/4/2019,Canada,Tablet,Frozen Food,330,354,116820
20190717,8/4/2019,Australia,Mobile,Beverage,200,380,76000
20190718,8/4/2019,USA,Mobile,Dried Food,450,406,182700
20190719,8/5/2019,Canada,Mobile,Canned Food,500,465,232500
20190720,8/5/2019,Thailand,Mobile,Dried Food,450,382,171900
20190721,8/5/2019,Australia,Tablet,Beverage,200,288,57600
20190722,8/5/2019,Canada,Mobile,Canned Food,500,379,189500
20190723,8/5/2019,Thailand,Mobile,Frozen Food,330,287,94710
20190724,8/5/2019,Canada,Tablet,Canned Food,500,184,92000
20190725,8/5/2019,Australia,Desktop,Canned Food,500,470,235000
20190726,8/5/2019,Thailand,Tablet,Frozen Food,330,273,90090
20190727,8/6/2019,Australia,Desktop,Frozen Food,330,170,56100
20190728,8/6/2019,Canada,Desktop,Frozen Food,330,179,59070
20190729,8/6/2019,Australia,Mobile,Dried Food,450,404,181800
20190730,8/6/2019,Thailand,Mobile,Canned Food,500,317,158500
20190731,8/6/2019,Canada,Mobile,Canned Food,500,128,64000
20190732,8/6/2019,USA,Desktop,Beverage,200,473,94600
20190733,8/6/2019,Canada,Tablet,Dried Food,450,434,195300
20190734,8/7/2019,Canada,Tablet,Canned Food,500,128,64000
20190735,8/7/2019,USA,Desktop,Frozen Food,330,229,75570
20190736,8/8/2019,Canada,Desktop,Canned Food,500,361,180500
20190737,8/8/2019,Thailand,Mobile,Beverage,200,346,69200
20190738,8/9/2019,USA,Mobile,Frozen Food,330,120,39600
20190739,8/9/2019,USA,Mobile,Beverage,200,294,58800
20190740,8/10/2019,USA,Desktop,Dried Food,450,458,206100
20190741,8/10/2019,USA,Desktop,Beverage,200,324,64800
20190742,8/10/2019,Canada,Desktop,Beverage,200,500,100000
20190743,8/11/2019,USA,Mobile,Frozen Food,330,114,37620
20190744,8/11/2019,Canada,Tablet,Beverage,200,136,27200
20190745,8/11/2019,Australia,Mobile,Beverage,200,148,29600
20190746,8/11/2019,USA,Mobile,Canned Food,500,485,242500
20190747,8/11/2019,Australia,Tablet,Canned Food,500,124,62000
20190748,8/11/2019,Thailand,Mobile,Canned Food,500,405,202500
20190749,8/12/2019,USA,Tablet,Frozen Food,330,477,157410
20190750,8/12/2019,USA,Mobile,Beverage,200,319,63800
20190751,8/12/2019,Canada,Tablet,Canned Food,500,451,225500
20190752,8/12/2019,Australia,Mobile,Dried Food,450,285,128250
20190753,8/12/2019,Canada,Mobile,Frozen Food,330,352,116160
20190754,8/13/2019,Australia,Tablet,Frozen Food,330,416,137280
20190755,8/14/2019,Canada,Mobile,Beverage,200,465,93000
20190756,8/14/2019,Thailand,Desktop,Canned Food,500,349,174500
20190757,8/14/2019,Canada,Mobile,Frozen Food,330,229,75570
20190758,8/15/2019,Australia,Tablet,Frozen Food,330,211,69630
20190759,8/15/2019,Australia,Desktop,Canned Food,500,200,100000
20190760,8/15/2019,Australia,Mobile,Frozen Food,330,152,50160
20190761,8/15/2019,Thailand,Desktop,Canned Food,500,175,87500
20190762,8/16/2019,Thailand,Mobile,Canned Food,500,119,59500
20190763,8/16/2019,Canada,Mobile,Beverage,200,268,53600
20190764,8/16/2019,USA,Mobile,Dried Food,450,249,112050
20190765,8/16/2019,Thailand,Tablet,Beverage,200,368,73600
20190766,8/16/2019,Thailand,Mobile,Beverage,200,165,33000
20190767,8/16/2019,USA,Desktop,Canned Food,500,104,52000
20190768,8/17/2019,USA,Desktop,Frozen Food,330,288,95040
20190769,8/17/2019,Canada,Mobile,Dried Food,450,242,108900
20190770,8/17/2019,Thailand,Tablet,Dried Food,450,205,92250
20190771,8/18/2019,Canada,Mobile,Frozen Food,330,241,79530
20190772,8/18/2019,Australia,Mobile,Canned Food,500,320,160000
20190773,8/18/2019,Thailand,Desktop,Frozen Food,330,439,144870
20190774,8/19/2019,Thailand,Desktop,Beverage,200,301,60200
20190775,8/19/2019,Thailand,Mobile,Frozen Food,330,382,126060
20190776,8/20/2019,Thailand,Desktop,Dried Food,450,203,91350
20190777,8/20/2019,Australia,Desktop,Dried Food,450,413,185850
20190778,8/20/2019,Australia,Mobile,Frozen Food,330,343,113190
20190779,8/21/2019,Canada,Desktop,Dried Food,450,100,45000
20190780,8/21/2019,Canada,Tablet,Frozen Food,330,300,99000
20190781,8/21/2019,Thailand,Desktop,Frozen Food,330,389,128370
20190782,8/22/2019,Canada,Mobile,Beverage,200,394,78800
20190783,8/22/2019,USA,Mobile,Frozen Food,330,262,86460
20190784,8/22/2019,Canada,Tablet,Frozen Food,330,259,85470
20190785,8/22/2019,Australia,Tablet,Frozen Food,330,435,143550
20190786,8/22/2019,Australia,Tablet,Beverage,200,452,90400
20190787,8/23/2019,Thailand,Mobile,Frozen Food,330,138,45540
20190788,8/23/2019,Canada,Desktop,Beverage,200,180,36000
20190789,8/23/2019,USA,Mobile,Dried Food,450,385,173250
20190790,8/23/2019,Canada,Mobile,Beverage,200,451,90200
20190791,8/24/2019,Australia,Mobile,Frozen Food,330,402,132660
20190792,8/24/2019,Canada,Desktop,Beverage,200,392,78400
20190793,8/25/2019,USA,Tablet,Canned Food,500,318,159000
20190794,8/26/2019,Thailand,Mobile,Frozen Food,330,372,122760
20190795,8/27/2019,Canada,Mobile,Dried Food,450,113,50850
20190796,8/27/2019,Thailand,Mobile,Dried Food,450,173,77850
20190797,8/28/2019,Australia,Mobile,Canned Food,500,123,61500
20190798,8/28/2019,Australia,Mobile,Frozen Food,330,180,59400
20190799,8/28/2019,USA,Desktop,Canned Food,500,450,225000
20190800,8/28/2019,Thailand,Mobile,Frozen Food,330,405,133650
20190801,8/29/2019,Thailand,Tablet,Canned Food,500,409,204500
20190802,8/29/2019,USA,Mobile,Canned Food,500,184,92000
20190803,8/30/2019,Thailand,Mobile,Dried Food,450,218,98100
20190804,8/30/2019,Australia,Desktop,Beverage,200,178,35600
20190805,8/30/2019,Thailand,Mobile,Canned Food,500,211,105500
20190806,8/30/2019,Canada,Desktop,Frozen Food,330,398,131340
20190807,8/31/2019,Thailand,Desktop,Beverage,200,111,22200
20190808,8/31/2019,Australia,Tablet,Canned Food,500,289,144500
20190809,9/1/2019,Australia,Desktop,Frozen Food,330,177,58410
20190810,9/1/2019,USA,Tablet,Dried Food,450,367,165150
20190811,9/1/2019,Canada,Mobile,Dried Food,450,462,207900
20190812,9/1/2019,USA,Desktop,Dried Food,450,444,199800
20190813,9/2/2019,Canada,Tablet,Dried Food,450,196,88200
20190814,9/2/2019,USA,Mobile,Canned Food,500,459,229500
20190815,9/3/2019,Canada,Mobile,Canned Food,500,255,127500
20190816,9/3/2019,Thailand,Mobile,Beverage,200,362,72400
20190817,9/3/2019,Australia,Tablet,Canned Food,500,445,222500
20190818,9/3/2019,Canada,Desktop,Beverage,200,196,39200
20190819,9/3/2019,Australia,Tablet,Canned Food,500,257,128500
20190820,9/4/2019,Australia,Tablet,Frozen Food,330,498,164340
20190821,9/4/2019,Thailand,Desktop,Frozen Food,330,244,80520
20190822,9/4/2019,Thailand,Mobile,Canned Food,500,438,219000
20190823,9/4/2019,Canada,Mobile,Dried Food,450,159,71550
20190824,9/5/2019,Thailand,Mobile,Dried Food,450,107,48150
20190825,9/5/2019,Canada,Tablet,Canned Food,500,324,162000
20190826,9/5/2019,USA,Desktop,Canned Food,500,154,77000
20190827,9/5/2019,Australia,Tablet,Beverage,200,310,62000
20190828,9/5/2019,Canada,Tablet,Dried Food,450,411,184950
20190829,9/5/2019,Australia,Desktop,Canned Food,500,223,111500
20190830,9/6/2019,Thailand,Desktop,Dried Food,450,484,217800
20190831,9/6/2019,Thailand,Mobile,Dried Food,450,386,173700
20190832,9/6/2019,Australia,Tablet,Canned Food,500,425,212500
20190833,9/7/2019,USA,Tablet,Canned Food,500,164,82000
20190834,9/7/2019,Australia,Desktop,Frozen Food,330,389,128370
20190835,9/7/2019,USA,Tablet,Frozen Food,330,474,156420
20190836,9/7/2019,USA,Mobile,Dried Food,450,105,47250
20190837,9/7/2019,Australia,Tablet,Beverage,200,452,90400
20190838,9/7/2019,Australia,Mobile,Frozen Food,330,252,83160
20190839,9/8/2019,USA,Mobile,Canned Food,500,179,89500
20190840,9/8/2019,USA,Mobile,Frozen Food,330,158,52140
20190841,9/9/2019,Australia,Tablet,Canned Food,500,186,93000
20190842,9/9/2019,USA,Mobile,Frozen Food,330,178,58740
20190843,9/9/2019,USA,Tablet,Beverage,200,363,72600
20190844,9/9/2019,Australia,Tablet,Frozen Food,330,391,129030
20190845,9/10/2019,Canada,Mobile,Beverage,200,130,26000
20190846,9/10/2019,Thailand,Tablet,Canned Food,500,204,102000
20190847,9/10/2019,USA,Mobile,Frozen Food,330,106,34980
20190848,9/10/2019,Canada,Mobile,Canned Food,500,448,224000
20190849,9/10/2019,Australia,Tablet,Frozen Food,330,401,132330
20190850,9/11/2019,Thailand,Desktop,Canned Food,500,436,218000
20190851,9/11/2019,Australia,Desktop,Frozen Food,330,460,151800
20190852,9/11/2019,USA,Mobile,Canned Food,500,234,117000
20190853,9/11/2019,Canada,Desktop,Dried Food,450,332,149400
20190854,9/11/2019,Australia,Mobile,Canned Food,500,450,225000
20190855,9/12/2019,Australia,Desktop,Beverage,200,457,91400
20190856,9/12/2019,Canada,Mobile,Frozen Food,330,180,59400
20190857,9/12/2019,USA,Tablet,Frozen Food,330,177,58410
20190858,9/12/2019,Australia,Tablet,Dried Food,450,334,150300
20190859,9/12/2019,USA,Desktop,Dried Food,450,218,98100
20190860,9/12/2019,USA,Tablet,Canned Food,500,317,158500
20190861,9/13/2019,USA,Mobile,Canned Food,500,490,245000
20190862,9/14/2019,Australia,Desktop,Dried Food,450,432,194400
20190863,9/14/2019,Thailand,Desktop,Canned Food,500,315,157500
20190864,9/15/2019,USA,Tablet,Frozen Food,330,234,77220
20190865,9/15/2019,Canada,Mobile,Frozen Food,330,288,95040
20190866,9/16/2019,USA,Mobile,Beverage,200,353,70600
20190867,9/16/2019,USA,Mobile,Canned Food,500,247,123500
20190868,9/16/2019,Australia,Mobile,Frozen Food,330,121,39930
20190869,9/17/2019,USA,Desktop,Beverage,200,152,30400
20190870,9/17/2019,Canada,Mobile,Frozen Food,330,361,119130
20190871,9/17/2019,USA,Tablet,Canned Food,500,126,63000
20190872,9/18/2019,USA,Mobile,Dried Food,450,481,216450
20190873,9/18/2019,Thailand,Mobile,Beverage,200,465,93000
20190874,9/18/2019,Australia,Mobile,Beverage,200,445,89000
20190875,9/18/2019,Thailand,Tablet,Canned Food,500,289,144500
20190876,9/19/2019,Australia,Mobile,Canned Food,500,435,217500
20190877,9/19/2019,Australia,Desktop,Frozen Food,330,343,113190
20190878,9/19/2019,Thailand,Mobile,Dried Food,450,321,144450
20190879,9/20/2019,USA,Mobile,Canned Food,500,255,127500
20190880,9/20/2019,Thailand,Mobile,Frozen Food,330,500,165000
20190881,9/20/2019,USA,Mobile,Beverage,200,286,57200
20190882,9/21/2019,USA,Mobile,Frozen Food,330,363,119790
20190883,9/21/2019,Thailand,Mobile,Frozen Food,330,316,104280
20190884,9/21/2019,Australia,Mobile,Frozen Food,330,170,56100
20190885,9/22/2019,USA,Mobile,Beverage,200,356,71200
20190886,9/22/2019,Canada,Desktop,Canned Food,500,447,223500
20190887,9/22/2019,Canada,Mobile,Canned Food,500,255,127500
20190888,9/23/2019,USA,Mobile,Frozen Food,330,331,109230
20190889,9/23/2019,Canada,Desktop,Frozen Food,330,280,92400
20190890,9/23/2019,Australia,Tablet,Dried Food,450,118,53100
20190891,9/24/2019,USA,Mobile,Beverage,200,355,71000
20190892,9/25/2019,Australia,Mobile,Canned Food,500,336,168000
20190893,9/25/2019,Australia,Tablet,Beverage,200,441,88200
20190894,9/27/2019,Thailand,Mobile,Beverage,200,261,52200
20190895,9/27/2019,Canada,Mobile,Canned Food,500,145,72500
20190896,9/27/2019,USA,Mobile,Frozen Food,330,310,102300
20190897,9/28/2019,Canada,Desktop,Dried Food,450,348,156600
20190898,9/28/2019,USA,Mobile,Canned Food,500,260,130000
20190899,9/28/2019,USA,Mobile,Beverage,200,479,95800
20190900,9/28/2019,Canada,Mobile,Beverage,200,313,62600
20190901,9/29/2019,Thailand,Tablet,Canned Food,500,444,222000
20190902,9/29/2019,Thailand,Mobile,Frozen Food,330,474,156420
20190903,9/29/2019,Canada,Mobile,Beverage,200,396,79200
20190904,9/29/2019,Canada,Mobile,Dried Food,450,459,206550
20190905,9/30/2019,Canada,Tablet,Dried Food,450,242,108900
20190906,9/30/2019,Thailand,Mobile,Canned Food,500,175,87500
20190907,9/30/2019,Australia,Mobile,Dried Food,450,215,96750
20190908,10/1/2019,Thailand,Mobile,Dried Food,450,448,201600
20190909,10/1/2019,Canada,Desktop,Frozen Food,330,117,38610
20190910,10/1/2019,Australia,Mobile,Frozen Food,330,451,148830
20190911,10/1/2019,Canada,Mobile,Frozen Food,330,376,124080
20190912,10/1/2019,USA,Tablet,Canned Food,500,427,213500
20190913,10/1/2019,Australia,Desktop,Dried Food,450,367,165150
20190914,10/2/2019,Canada,Mobile,Beverage,200,181,36200
20190915,10/2/2019,Australia,Mobile,Dried Food,450,269,121050
20190916,10/2/2019,Thailand,Mobile,Frozen Food,330,144,47520
20190917,10/2/2019,Canada,Tablet,Canned Food,500,459,229500
20190918,10/2/2019,USA,Mobile,Frozen Food,330,320,105600
20190919,10/2/2019,Thailand,Mobile,Beverage,200,447,89400
20190920,10/3/2019,Canada,Tablet,Beverage,200,453,90600
20190921,10/3/2019,USA,Mobile,Beverage,200,308,61600
20190922,10/4/2019,Australia,Tablet,Dried Food,450,202,90900
20190923,10/4/2019,Australia,Mobile,Dried Food,450,491,220950
20190924,10/4/2019,Canada,Mobile,Dried Food,450,187,84150
20190925,10/4/2019,USA,Mobile,Frozen Food,330,251,82830
20190926,10/5/2019,USA,Desktop,Frozen Food,330,443,146190
20190927,10/5/2019,Canada,Mobile,Dried Food,450,397,178650
20190928,10/6/2019,Australia,Tablet,Beverage,200,407,81400
20190929,10/6/2019,Canada,Mobile,Canned Food,500,438,219000
20190930,10/6/2019,Canada,Mobile,Canned Food,500,222,111000
20190931,10/6/2019,Australia,Desktop,Beverage,200,188,37600
20190932,10/6/2019,Australia,Mobile,Beverage,200,189,37800
20190933,10/7/2019,USA,Mobile,Canned Food,500,488,244000
20190934,10/7/2019,USA,Mobile,Dried Food,450,156,70200
20190935,10/7/2019,Canada,Desktop,Canned Food,500,362,181000
20190936,10/7/2019,USA,Desktop,Dried Food,450,232,104400
20190937,10/8/2019,Australia,Mobile,Beverage,200,282,56400
20190938,10/8/2019,Thailand,Tablet,Canned Food,500,343,171500
20190939,10/8/2019,Australia,Mobile,Canned Food,500,339,169500
20190940,10/8/2019,USA,Mobile,Frozen Food,330,356,117480
20190941,10/8/2019,USA,Desktop,Canned Food,500,472,236000
20190942,10/9/2019,Australia,Tablet,Dried Food,450,427,192150
20190943,10/9/2019,USA,Mobile,Canned Food,500,226,113000
20190944,10/10/2019,Thailand,Mobile,Frozen Food,330,282,93060
20190945,10/10/2019,Australia,Mobile,Frozen Food,330,432,142560
20190946,10/10/2019,USA,Tablet,Frozen Food,330,133,43890
20190947,10/11/2019,USA,Mobile,Dried Food,450,389,175050
20190948,10/11/2019,USA,Mobile,Beverage,200,103,20600
20190949,10/12/2019,Thailand,Desktop,Beverage,200,394,78800
20190950,10/12/2019,USA,Mobile,Dried Food,450,278,125100
20190951,10/12/2019,USA,Mobile,Beverage,200,143,28600
20190952,10/12/2019,Thailand,Mobile,Canned Food,500,232,116000
20190953,10/12/2019,USA,Desktop,Dried Food,450,429,193050
20190954,10/13/2019,Australia,Mobile,Dried Food,450,306,137700
20190955,10/13/2019,Thailand,Tablet,Dried Food,450,108,48600
20190956,10/14/2019,Thailand,Tablet,Dried Food,450,379,170550
20190957,10/15/2019,Australia,Tablet,Frozen Food,330,372,122760
20190958,10/15/2019,Thailand,Mobile,Canned Food,500,101,50500
20190959,10/15/2019,Canada,Mobile,Dried Food,450,376,169200
20190960,10/16/2019,Thailand,Tablet,Dried Food,450,428,192600
20190961,10/16/2019,Thailand,Mobile,Dried Food,450,128,57600
20190962,10/16/2019,USA,Mobile,Frozen Food,330,155,51150
20190963,10/16/2019,Canada,Desktop,Frozen Food,330,365,120450
20190964,10/17/2019,Thailand,Mobile,Canned Food,500,159,79500
20190965,10/17/2019,USA,Tablet,Beverage,200,307,61400
20190966,10/17/2019,USA,Mobile,Beverage,200,173,34600
20190967,10/17/2019,Thailand,Desktop,Beverage,200,111,22200
20190968,10/18/2019,Thailand,Mobile,Dried Food,450,452,203400
20190969,10/18/2019,Thailand,Mobile,Dried Food,450,416,187200
20190970,10/18/2019,USA,Mobile,Canned Food,500,264,132000
20190971,10/18/2019,Canada,Tablet,Dried Food,450,122,54900
20190972,10/19/2019,Thailand,Tablet,Beverage,200,299,59800
20190973,10/19/2019,Thailand,Mobile,Frozen Food,330,193,63690
20190974,10/19/2019,Australia,Mobile,Canned Food,500,154,77000
20190975,10/19/2019,Thailand,Desktop,Beverage,200,375,75000
20190976,10/20/2019,Canada,Mobile,Frozen Food,330,438,144540
20190977,10/20/2019,USA,Mobile,Dried Food,450,438,197100
20190978,10/20/2019,Thailand,Tablet,Dried Food,450,130,58500
20190979,10/21/2019,Australia,Mobile,Beverage,200,461,92200
20190980,10/22/2019,Thailand,Mobile,Beverage,200,299,59800
20190981,10/22/2019,USA,Mobile,Frozen Food,330,411,135630
20190982,10/22/2019,USA,Desktop,Beverage,200,378,75600
20190983,10/22/2019,USA,Mobile,Frozen Food,330,422,139260
20190984,10/22/2019,Australia,Mobile,Dried Food,450,187,84150
20190985,10/23/2019,Thailand,Mobile,Frozen Food,330,281,92730
20190986,10/23/2019,Canada,Tablet,Dried Food,450,263,118350
20190987,10/23/2019,USA,Mobile,Beverage,200,143,28600
20190988,10/24/2019,Australia,Mobile,Dried Food,450,178,80100
20190989,10/24/2019,Thailand,Mobile,Dried Food,450,346,155700
20190990,10/24/2019,Canada,Mobile,Frozen Food,330,443,146190
20190991,10/24/2019,Australia,Tablet,Dried Food,450,122,54900
20190992,10/25/2019,Australia,Mobile,Beverage,200,415,83000
20190993,10/25/2019,Canada,Mobile,Beverage,200,243,48600
20190994,10/25/2019,Australia,Desktop,Canned Food,500,459,229500
20190995,10/25/2019,Canada,Desktop,Dried Food,450,373,167850
20190996,10/26/2019,Australia,Mobile,Canned Food,500,290,145000
20190997,10/27/2019,USA,Mobile,Frozen Food,330,472,155760
20190998,10/27/2019,Thailand,Tablet,Beverage,200,162,32400
20190999,10/27/2019,Thailand,Mobile,Frozen Food,330,310,102300
20191000,10/27/2019,Australia,Desktop,Beverage,200,309,61800
20191001,10/28/2019,USA,Mobile,Canned Food,500,105,52500
20191002,10/28/2019,Australia,Desktop,Canned Food,500,155,77500
20191003,10/29/2019,Thailand,Tablet,Beverage,200,435,87000
20191004,10/29/2019,USA,Mobile,Dried Food,450,490,220500
20191005,10/29/2019,USA,Desktop,Dried Food,450,499,224550
20191006,10/29/2019,Australia,Mobile,Beverage,200,432,86400
20191007,10/29/2019,Canada,Mobile,Beverage,200,325,65000
20191008,10/29/2019,Canada,Mobile,Frozen Food,330,352,116160
20191009,10/30/2019,Canada,Desktop,Dried Food,450,320,144000
20191010,10/30/2019,Australia,Mobile,Beverage,200,143,28600
20191011,10/30/2019,Canada,Mobile,Beverage,200,415,83000
20191012,10/30/2019,Thailand,Tablet,Canned Food,500,138,69000
20191013,10/31/2019,Canada,Desktop,Beverage,200,230,46000
20191014,10/31/2019,USA,Mobile,Dried Food,450,492,221400
20191015,10/31/2019,USA,Tablet,Frozen Food,330,414,136620
20191016,11/1/2019,Australia,Mobile,Frozen Food,330,422,139260
20191017,11/1/2019,USA,Desktop,Canned Food,500,290,145000
20191018,11/1/2019,Thailand,Desktop,Dried Food,450,466,209700
20191019,11/1/2019,Australia,Desktop,Frozen Food,330,368,121440
20191020,11/2/2019,Canada,Mobile,Frozen Food,330,415,136950
20191021,11/2/2019,Canada,Mobile,Dried Food,450,253,113850
20191022,11/3/2019,USA,Mobile,Dried Food,450,499,224550
20191023,11/3/2019,Canada,Mobile,Dried Food,450,385,173250
20191024,11/3/2019,Thailand,Tablet,Frozen Food,330,127,41910
20191025,11/3/2019,Thailand,Desktop,Frozen Food,330,305,100650
20191026,11/3/2019,Australia,Desktop,Canned Food,500,314,157000
20191027,11/4/2019,Thailand,Tablet,Beverage,200,174,34800
20191028,11/4/2019,Australia,Desktop,Canned Food,500,483,241500
20191029,11/4/2019,Thailand,Desktop,Frozen Food,330,187,61710
20191030,11/4/2019,USA,Desktop,Beverage,200,207,41400
20191031,11/5/2019,Australia,Mobile,Beverage,200,210,42000
20191032,11/6/2019,USA,Mobile,Canned Food,500,453,226500
20191033,11/8/2019,Canada,Tablet,Frozen Food,330,203,66990
20191034,11/8/2019,Thailand,Tablet,Canned Food,500,371,185500
20191035,11/9/2019,Canada,Mobile,Beverage,200,282,56400
20191036,11/9/2019,USA,Mobile,Beverage,200,106,21200
20191037,11/9/2019,USA,Mobile,Beverage,200,201,40200
20191038,11/9/2019,Australia,Mobile,Frozen Food,330,366,120780
20191039,11/10/2019,Canada,Mobile,Dried Food,450,345,155250
20191040,11/10/2019,USA,Desktop,Frozen Food,330,153,50490
20191041,11/10/2019,USA,Tablet,Frozen Food,330,340,112200
20191042,11/11/2019,Australia,Tablet,Dried Food,450,201,90450
20191043,11/11/2019,Thailand,Mobile,Frozen Food,330,358,118140
20191044,11/11/2019,Canada,Mobile,Dried Food,450,132,59400
20191045,11/11/2019,Thailand,Mobile,Dried Food,450,145,65250
20191046,11/11/2019,USA,Mobile,Dried Food,450,357,160650
20191047,11/11/2019,Canada,Tablet,Frozen Food,330,164,54120
20191048,11/11/2019,Australia,Tablet,Frozen Food,330,315,103950
20191049,11/11/2019,Thailand,Mobile,Canned Food,500,442,221000
20191050,11/12/2019,Australia,Tablet,Canned Food,500,473,236500
20191051,11/13/2019,Thailand,Desktop,Frozen Food,330,299,98670
20191052,11/13/2019,Thailand,Tablet,Canned Food,500,297,148500
20191053,11/13/2019,Thailand,Tablet,Dried Food,450,401,180450
20191054,11/13/2019,Australia,Mobile,Canned Food,500,131,65500
20191055,11/14/2019,Australia,Desktop,Canned Food,500,297,148500
20191056,11/14/2019,Thailand,Mobile,Dried Food,450,176,79200
20191057,11/14/2019,Australia,Tablet,Beverage,200,209,41800
20191058,11/14/2019,USA,Mobile,Canned Food,500,376,188000
20191059,11/15/2019,USA,Desktop,Canned Food,500,455,227500
20191060,11/15/2019,Thailand,Mobile,Canned Food,500,381,190500
20191061,11/16/2019,USA,Tablet,Dried Food,450,500,225000
20191062,11/16/2019,USA,Desktop,Frozen Food,330,338,111540
20191063,11/16/2019,USA,Mobile,Dried Food,450,492,221400
20191064,11/16/2019,Canada,Mobile,Frozen Food,330,451,148830
20191065,11/17/2019,Canada,Mobile,Dried Food,450,310,139500
20191066,11/17/2019,Australia,Tablet,Dried Food,450,383,172350
20191067,11/18/2019,Canada,Tablet,Canned Food,500,180,90000
20191068,11/18/2019,Canada,Tablet,Beverage,200,432,86400
20191069,11/18/2019,Thailand,Tablet,Dried Food,450,320,144000
20191070,11/18/2019,Thailand,Mobile,Frozen Food,330,157,51810
20191071,11/18/2019,Australia,Tablet,Beverage,200,468,93600
20191072,11/18/2019,Thailand,Desktop,Canned Food,500,204,102000
20191073,11/18/2019,Thailand,Tablet,Frozen Food,330,296,97680
20191074,11/19/2019,Thailand,Desktop,Beverage,200,166,33200
20191075,11/19/2019,USA,Mobile,Beverage,200,272,54400
20191076,11/19/2019,Canada,Tablet,Beverage,200,432,86400
20191077,11/19/2019,USA,Mobile,Canned Food,500,118,59000
20191078,11/20/2019,Canada,Mobile,Canned Food,500,381,190500
20191079,11/21/2019,USA,Tablet,Frozen Food,330,320,105600
20191080,11/21/2019,Thailand,Mobile,Canned Food,500,220,110000
20191081,11/22/2019,Canada,Mobile,Frozen Food,330,274,90420
20191082,11/22/2019,USA,Mobile,Canned Food,500,271,135500
20191083,11/22/2019,USA,Mobile,Dried Food,450,151,67950
20191084,11/23/2019,Canada,Mobile,Beverage,200,497,99400
20191085,11/23/2019,Australia,Tablet,Dried Food,450,292,131400
20191086,11/23/2019,Canada,Mobile,Frozen Food,330,407,134310
20191087,11/23/2019,USA,Tablet,Dried Food,450,500,225000
20191088,11/23/2019,Canada,Mobile,Beverage,200,325,65000
20191089,11/24/2019,Canada,Tablet,Beverage,200,298,59600
20191090,11/24/2019,USA,Desktop,Beverage,200,299,59800
20191091,11/24/2019,USA,Mobile,Beverage,200,478,95600
20191092,11/25/2019,Australia,Desktop,Frozen Food,330,468,154440
20191093,11/25/2019,Canada,Desktop,Beverage,200,497,99400
20191094,11/25/2019,USA,Mobile,Canned Food,500,158,79000
20191095,11/26/2019,Thailand,Mobile,Frozen Food,330,316,104280
20191096,11/26/2019,Australia,Mobile,Dried Food,450,317,142650
20191097,11/27/2019,USA,Mobile,Canned Food,500,463,231500
20191098,11/28/2019,Thailand,Desktop,Canned Food,500,218,109000
20191099,11/28/2019,Thailand,Tablet,Beverage,200,194,38800
20191100,11/29/2019,Canada,Mobile,Canned Food,500,274,137000
20191101,11/29/2019,Australia,Desktop,Canned Food,500,444,222000
20191102,11/30/2019,USA,Desktop,Frozen Food,330,205,67650
20191103,11/30/2019,Canada,Desktop,Canned Food,500,464,232000
20191104,11/30/2019,Australia,Mobile,Frozen Food,330,425,140250
20191105,11/30/2019,Thailand,Desktop,Frozen Food,330,401,132330
20191106,12/1/2019,Canada,Mobile,Dried Food,450,102,45900
20191107,12/1/2019,Australia,Desktop,Frozen Food,330,111,36630
20191108,12/2/2019,Thailand,Desktop,Beverage,200,352,70400
20191109,12/2/2019,Canada,Mobile,Canned Food,500,126,63000
20191110,12/2/2019,Thailand,Mobile,Frozen Food,330,308,101640
20191111,12/3/2019,Australia,Tablet,Frozen Food,330,212,69960
20191112,12/3/2019,Thailand,Tablet,Beverage,200,159,31800
20191113,12/3/2019,Canada,Mobile,Beverage,200,308,61600
20191114,12/3/2019,Canada,Mobile,Beverage,200,353,70600
20191115,12/4/2019,USA,Mobile,Canned Food,500,239,119500
20191116,12/4/2019,Canada,Tablet,Frozen Food,330,201,66330
20191117,12/4/2019,USA,Mobile,Canned Food,500,193,96500
20191118,12/4/2019,USA,Mobile,Frozen Food,330,351,115830
20191119,12/5/2019,Australia,Mobile,Canned Food,500,192,96000
20191120,12/5/2019,Canada,Tablet,Dried Food,450,263,118350
20191121,12/5/2019,USA,Desktop,Dried Food,450,138,62100
20191122,12/6/2019,Thailand,Tablet,Frozen Food,330,119,39270
20191123,12/6/2019,USA,Mobile,Beverage,200,155,31000
20191124,12/7/2019,Thailand,Desktop,Canned Food,500,244,122000
20191125,12/8/2019,Thailand,Mobile,Frozen Food,330,173,57090
20191126,12/9/2019,Thailand,Mobile,Beverage,200,551,110200
20191127,12/10/2019,USA,Tablet,Canned Food,500,711,355500
20191128,12/11/2019,Thailand,Mobile,Beverage,200,607,121400
20191129,12/11/2019,Australia,Desktop,Dried Food,450,417,187650
20191130,12/11/2019,Australia,Desktop,Frozen Food,330,698,230340
20191131,12/11/2019,Australia,Desktop,Canned Food,500,685,342500
20191132,12/12/2019,Thailand,Desktop,Beverage,200,652,130400
20191133,12/12/2019,Thailand,Mobile,Canned Food,500,794,397000
20191134,12/12/2019,USA,Mobile,Frozen Food,330,659,217470
20191135,12/13/2019,Canada,Mobile,Canned Food,500,689,344500
20191136,12/13/2019,Thailand,Tablet,Beverage,200,413,82600
20191137,12/13/2019,USA,Mobile,Dried Food,450,775,348750
20191138,12/13/2019,Australia,Desktop,Dried Food,450,791,355950
20191139,12/14/2019,Australia,Desktop,Beverage,200,493,98600
20191140,12/14/2019,USA,Mobile,Frozen Food,330,560,184800
20191141,12/14/2019,USA,Mobile,Frozen Food,330,793,261690
20191142,12/14/2019,Canada,Desktop,Canned Food,500,528,264000
20191143,12/14/2019,USA,Mobile,Canned Food,500,534,267000
20191144,12/15/2019,Thailand,Mobile,Beverage,200,659,131800
20191145,12/15/2019,USA,Tablet,Dried Food,450,408,183600
20191146,12/16/2019,Australia,Desktop,Beverage,200,568,113600
20191147,12/16/2019,USA,Mobile,Beverage,200,431,86200
20191148,12/16/2019,Thailand,Desktop,Frozen Food,330,799,263670
20191149,12/16/2019,Canada,Mobile,Dried Food,450,640,288000
20191150,12/17/2019,Australia,Mobile,Dried Food,450,434,195300
20191151,12/17/2019,USA,Mobile,Frozen Food,330,464,153120
20191152,12/17/2019,USA,Tablet,Canned Food,500,723,361500
20191153,12/17/2019,USA,Desktop,Frozen Food,330,413,136290
20191154,12/17/2019,Australia,Tablet,Beverage,200,558,111600
20191155,12/17/2019,USA,Mobile,Beverage,200,465,93000
20191156,12/18/2019,Thailand,Tablet,Dried Food,450,646,290700
20191157,12/18/2019,Canada,Tablet,Frozen Food,330,419,138270
20191158,12/18/2019,Australia,Mobile,Dried Food,450,677,304650
20191159,12/18/2019,Australia,Desktop,Frozen Food,330,723,238590
20191160,12/18/2019,USA,Desktop,Beverage,200,749,149800
20191161,12/19/2019,Thailand,Tablet,Frozen Food,330,479,158070
20191162,12/19/2019,Canada,Mobile,Dried Food,450,751,337950
20191163,12/19/2019,USA,Mobile,Beverage,200,792,158400
20191164,12/20/2019,Australia,Tablet,Canned Food,500,496,248000
20191165,12/20/2019,USA,Tablet,Dried Food,450,756,340200
20191166,12/20/2019,Thailand,Mobile,Frozen Food,330,775,255750
20191167,12/21/2019,USA,Mobile,Frozen Food,330,482,159060
20191168,12/21/2019,Canada,Tablet,Dried Food,450,644,289800
20191169,12/21/2019,Australia,Mobile,Beverage,200,662,132400
20191170,12/22/2019,Thailand,Tablet,Dried Food,450,778,350100
20191171,12/22/2019,USA,Tablet,Canned Food,500,681,340500
20191172,12/22/2019,USA,Mobile,Frozen Food,330,473,156090
20191173,12/23/2019,Australia,Tablet,Dried Food,450,709,319050
20191174,12/24/2019,Canada,Desktop,Canned Food,500,730,365000
20191175,12/24/2019,Australia,Tablet,Beverage,200,457,91400
20191176,12/24/2019,USA,Mobile,Canned Food,500,644,322000
20191177,12/24/2019,USA,Mobile,Canned Food,500,590,295000
20191178,12/24/2019,Australia,Desktop,Canned Food,500,657,328500
20191179,12/24/2019,USA,Desktop,Dried Food,450,439,197550
20191180,12/24/2019,Thailand,Mobile,Canned Food,500,580,290000
20191181,12/24/2019,USA,Mobile,Beverage,200,491,98200
20191182,12/25/2019,Canada,Tablet,Dried Food,450,515,231750
20191183,12/25/2019,Australia,Mobile,Beverage,200,588,117600
20191184,12/25/2019,USA,Mobile,Beverage,200,406,81200
20191185,12/25/2019,Thailand,Desktop,Dried Food,450,714,321300
20191186,12/25/2019,USA,Tablet,Beverage,200,729,145800
20191187,12/25/2019,Australia,Mobile,Canned Food,500,653,326500
20191188,12/25/2019,USA,Mobile,Dried Food,450,715,321750
20191189,12/25/2019,USA,Mobile,Canned Food,500,762,381000
20191190,12/25/2019,USA,Desktop,Canned Food,500,401,200500
